4209 6184
1036 843 1193 902 -4,-

498 1046 592 1103 men,
627 1037 661 1095 el
691 1029 804 1096 iacilis
839 1032 873 1096 in
907 1032 1098 1099 scribendo
1131 1035 1305 1119 elegantia
1338 1035 1487 1119 legentis
1522 1036 1558 1100 in
1590 1055 1731 1104 {nento-

498 1152 587 1218 riam
621 1162 835 1222 revocentur
865 1176 871 1221 :

631 1314 693 1380 llio
725 1315 788 1382 tibi
819 1324 1013 1400 quaeratur
1044 1320 1130 1386 socii
1164 1320 1342 1387 sermonis
1372 1321 1482 1406 origo,

674 1439 712 1505 Et
746 1441 1076 1527 1110veantprt1n0s
1105 1444 1248 1529 publica
1282 1445 1388 1511 rerba
1411 1463 1531 1512 sonos

630 1563 739 1649 Cujus
769 1565 852 1651 equi
886 1567 1030 1633 veniant
1057 1567 1164 1635 tacito
1199 1569 1358 1636 studiose
1388 1571 1563 1654 requiras.

674 1687 745 1756 Nec
774 1708 885 1770 mora,
917 1691 1083 1776 quisquis
1116 1693 1183 1760 erit
1212 1693 1270 1760 cui
1301 1693 1395 1761 lavet
1424 1694 1495 1770 illa,
1529 1694 1636 1762 lavel

629 1814 674 1879 At
705 1831 789 1880 curn
816 1832 945 1899 pompa
978 1816 1148 1900 frequens
1178 1819 1399 1886 certantibus
1426 1818 1489 1884 ibit
1519 1819 1680 1903 ephebis,

674 1938 724 2004 l'u
750 1939 877 2006 Veneri
909 1940 1077 2008 dominae
1110 1942 1240 2026 plaude
1274 1946 1416 2010 [arente
1446 1962 1569 2010 manu.

630 2062 743 2147 thue
768 2063 819 2142 tit,
851 2058 887 2129 in
916 2065 1095 2149 gremium
1127 2066 1246 2151 pulvis
1276 2068 1304 2133 si
1340 2067 1428 2135 torte
1454 2070 1593 2154 puellae

673 2187 860 2261 Deciderit,
896 2188 1016 2274 digitis
1046 2191 1282 2257 excutiendus
1310 2192 1402 2270 eril;

589 2383 595 2399 .
630 2312 668 2378 Et
699 2312 728 2379 si
760 2313 883 2378 nullus
921 2313 987 2379 erit
1015 2312 1146 2398 pulvis,
1176 2321 1294 2382 tamen
1328 2325 1455 2384 excute
1483 2319 1656 2385 nullum:

674 2436 856 2517 Quaelibet
893 2436 1011 2503 officio
1034 2457 1148 2511 ¹causa
1177 2439 1222 2506 sit
1250 2446 1330 2525 apta
1363 2447 1437 2509 tuo.

629 2561 738 2627 Pallia
769 2562 798 2627 si
828 2567 921 2627 terra
951 2562 1108 2628 nimium
1138 2563 1295 2629 demissa
1322 2563 1507 2648 jaeebunt,

672 2685 816 2770 Collige,
850 2693 884 2752 et
911 2685 1100 2754 immunda
1139 2686 1291 2753 sedulus
1320 2688 1405 2755 etier
1440 2689 1564 2756 burno.

629 2811 808 2888 Protinus,
840 2809 946 2876 ollicii
981 2809 1150 2894 pretium,
1182 2810 1340 2894 patiente
1369 2812 1500 2895 puella,

674 2935 888 3020 Contingent
917 2935 1032 3002 oculis
1062 2953 1169 3001 crura
1205 2934 1355 3001 videnda
1385 2935 1469 3002 tuis

633 3061 781 3146 Respice
810 3067 1002 3145 praeterea,
1032 3064 1112 3143 post
1144 3077 1207 3125 vos
1236 3059 1459 3145 quicumque
1483 3060 1632 3138 sedebit,

674 3185 893 3270 Ne'premat
928 3185 1092 3271 opposito
1121 3183 1243 3250 mollia
1270 3190 1367 3270 terga
1398 3203 1505 3270 genu.

1250 3329 1287 3390 t.
1326 3327 1459 3441 ,tm.·l,
1499 3327 1657 3395 lta-159.

564 3560 621 3625 De
643 3560 752 3624 Urbe
773 3557 914 3625 Roma.
953 3597 995 3608 -
1031 3559 1112 3625 lam
1154 3576 1251 3624 nunc
1282 3577 1374 3641 quae
1401 3559 1476 3625 dixi
1506 3560 1550 3624 de
1584 3559 1671 3626 locis
1704 3580 1726 3625 a

497 3686 701 3772 puellarum
745 3685 847 3752 turba
887 3683 1019 3751 Romae
1048 3683 1236 3750 celebratis
1269 3683 1484 3750 concludam
1518 3685 1725 3768 quaerendo

496 3813 581 3896 quid
613 3809 760 3876 Ovidius
789 3809 832 3875 de
866 3808 959 3876 Urbe
986 3810 1064 3893 ipsa
1098 3808 1262 3875 senserit.

565 3935 677 4013 Unus,
703 3941 739 4000 ut
765 3934 906 4019 opinor,
929 3933 1078 3999 Ovidius
1099 3933 1192 3999 inter
1208 3934 1401 4019 scriptores
1427 3950 1595 3999 romanos
1621 3933 1725 4000 lateri

496 4079 607 4127 ausus
645 4066 698 4126 est
738 4058 806 4124 sibi
852 4076 982 4143 magno
1026 4058 1158 4142 gaudio
1198 4057 1308 4125 luisse
1354 4058 1448 4142 quod
1495 4058 1618 4136 Roma,
1662 4057 1724 4125 illa

497 4189 622 4259 aetate,
652 4182 824 4251 amatoria
858 4183 997 4259 civitas,
1031 4189 1070 4249 ut
1094 4183 1153 4272 sic·
1173 4181 1311 4266 loquar,
1345 4182 1521 4250 exstiterit
1555 4184 1581 4249 ¹.

538 4432 550 4460 ‘¹
564 4433 667 4480 Similia
684 4433 795 4493 loquens
808 4433 841 4479 dc
853 4431 924 4479 Urbe
938 4431 1020 4478 Roma
1035 4431 1191 4492 Propertius
1200 4443 1252 4479 non
1264 4431 1371 4491 gaudet,
1388 4431 1433 4479 sed
1441 4432 1531 4492 potius
1541 4431 1727 4483 lamentatur:

760 4511 809 4571 Qui
823 4512 930 4573 quaerit
942 4512 1031 4559 Tatios
1043 4513 1158 4566 veteres,
1174 4511 1310 4572 durosque
1325 4511 1446 4571 Sabinos,

824 4592 870 4638 llic
882 4591 972 4653 posuit
986 4593 1078 4639 nostra
1089 4603 1176 4652 nuper
1188 4591 1215 4638 in
1228 4591 1295 4639 urbe
1306 4591 1410 4652 pedem.

761 4673 798 4720 Tu
810 4672 885 4733 prius
900 4674 927 4719 et
940 4671 1038 4719 lluctus
1055 4672 1156 4733 poteris
1166 4672 1267 4719 siccare
1278 4672 1406 4731 marinos,

823 4751 938 4812 Altaque
952 4750 1060 4799 mortali
1072 4750 1190 4811 deligere
1204 4754 1276 4799 astra
1290 4762 1382 4810 manu,

760 4831 844 4891 Quam
860 4831 956 4892 lacere,
970 4833 1001 4878 ut
1014 4834 1123 4879 nostrae
1135 4831 1221 4878 nolint
1236 4844 1345 4892 peccare
1356 4831 1472 4892 puellae.

822 4912 868 4959 ch
884 4924 941 4960 mos
958 4911 1076 4959 Saturno
1087 4924 1169 4972 regna
1181 4914 1289 4961 tenente
1304 4912 1364 4962 luit.

1330 5011 1406 5071 Prop.
1422 5009 1455 5068 ΙΙ,
1468 5021 1552 5069 xxxn,
1562 5009 1601 5068 tt,
1614 5021 1673 5070 sqq.
