4209 6184
840 1904 902 1977 DE
943 1903 1258 1978 AMATORIBUS

506 2351 716 2416 Amatorem
754 2369 769 2410 o
803 2350 1156 2434 casus'eomponere
1187 2373 1215 2426 n,
1251 2356 1288 2416 ut
1324 2350 1400 2435 ipse
1423 2351 1482 2426 ait,
1516 2351 1665 2418 Ovidius

439 2475 634 2543 admodum
678 2474 832 2558 juvenis,
873 2491 944 2558 quo
992 2481 1152 2559 tempore
1211 2485 1374 2542 Amorum
1422 2476 1533 2542 libros
1578 2477 1664 2542 seri·

439 2600 543 2667 bebai
575 2599 645 2683 jam
675 2599 710 2663 in
746 2600 867 2663 animo
901 2599 1026 2666 habuit
1060 2617 1067 2663 :

572 2741 689 2824 Atque
713 2741 843 2825 aliquis
868 2741 1056 2825 juvenum,
1083 2761 1155 2826 quo
1185 2762 1283 2810 nuno
1306 2760 1383 2827 ego,
1405 2745 1550 2809 saueius
1575 2763 1662 2810 arou

616 2865 796 2950 Agnoscat
829 2866 996 2932 llammae
1024 2868 1167 2934 consola
1193 2867 1294 2952 signa
1327 2887 1424 2948 suae,

571 2989 789 3075 Miratusque
815 2989 877 3056 diu
905 3011 919 3052 o
958 3009 1040 3076 qno,
1075 2993 1180 3071 dieat,
1210 2993 1254 3057 ab
1281 2992 1399 3059 indice
1433 2993 1560 3061 doetus
1672 3081 1677 3092 1

614 3113 822 3199 Composuit
851 3133 957 3181 oasns
987 3116 1052 3182 iste
1083 3123 1185 3201 poeta
1217 3119 1348 3183 meost
1381 3139 1395 3180 n

1220 3245 1291 3307 Ain.
1328 3241 1369 3319 ll,
1404 3260 1426 3319 r,
1462 3241 1479 3308 7
1514 3261 1592 3326 sqq.

503 3383 551 3450 De
595 3383 788 3468 juvenibus
826 3384 910 3461 illis,
948 3385 991 3450 de
1035 3383 1096 3449 illo
1133 3383 1248 3450 amori
1287 3384 1406 3450 dedito
1445 3386 1590 3470 populo,
1625 3391 1662 3451 ut
1737 3456 1740 3461 ,

437 3509 514 3594 ejus
545 3509 651 3574 verba
683 3526 915 3593 usurpemus,
948 3508 1033 3592 quid
1068 3508 1231 3575 retulerit
1264 3527 1362 3575 nune
1393 3509 1592 3576 videamus.

379 3806 386 3819 ,
505 3745 562 3809 De
590 3744 788 3810 amatoris
809 3744 953 3810 habitu
982 3744 1173 3824 corporis.
1207 3778 1250 3787 -
1281 3740 1461 3808 Amatoris
1491 3739 1659 3824 effigiem,

438 3862 533 3947 quod
568 3864 612 3929 ad
641 3865 802 3949 eorporis
832 3863 994 3930 habitum
1020 3870 1168 3949 spectat,
1193 3864 1341 3932 Ovidius
1375 3866 1411 3930 in
1447 3863 1536 3931 Artis
1560 3870 1663 3931 Atreu-

438 3985 548 4053 torr'oe
575 3987 666 4055 libro
704 3989 821 4073 primo
860 3989 1026 4074 pluribus
1062 3989 1226 4056 versibus
1268 3990 1470 4074 descripsit.
1506 3988 1661 4056 Nimiam

409 4111 475 4208 ¹in
503 4113 663 4195 corporis
698 4113 797 4179 onltu
832 4113 1046 4197 elegantiam
1074 4120 1109 4180 et
1139 4113 1327 4181 mollitiem
1354 4114 1556 4198 vituperat:

573 4254 640 4320 Sed
671 4255 732 4320 tibi
764 4273 829 4321 neo
853 4254 947 4322 lerro
979 4257 1115 4341 placeat
1147 4262 1312 4339 torquere
1341 4255 1503 4340 capillos

617 4379 687 4446 Neo
719 4386 777 4446 tua
805 4380 965 4446 mordaci
1004 4381 1147 4467 pumice
1183 4398 1287 4446 crura
1317 4385 1422 4447 teras

571 4609 696 4676 Forma
729 4611 823 4676 viros
851 4611 1011 4696 neglecta
1053 4610 1165 4677 deoet.

1197 4738 1236 4801 l.
1267 4740 1340 4801 Am.
1370 4737 1394 4816 l,
1423 4737 1487 4805 505
1512 4756 1591 4824 sqq.

504 4864 617 4944 Quam
641 4868 943 4934 asseverationem
973 4886 994 4932 a
1020 4868 1179 4934 Phaedra
1212 4869 1385 4954 prolatam
1429 4871 1466 4937 in
1504 4871 1582 4956 ejus
1616 4873 1662 4938 ad

438 4990 670 5074 Hippolytum
697 4991 850 5075 epistula
882 4992 1090 5059 invenimus
1118 5012 1125 5059 :
