4209 6184
985 836 1144 895 -iii-

512 1023 624 1108 Igitur
649 1043 777 1110 parurn
803 1033 906 1092 curat
927 1026 1076 1093 Ovidius
1100 1028 1144 1093 de
1168 1027 1314 1093 feminis
1347 1046 1438 1111 quae
1465 1029 1670 1095 meretrices

446 1150 587 1234 proprie
624 1149 807 1228 dicuntur,
844 1169 933 1234 quas
966 1151 1164 1218 contemnit
1199 1158 1237 1218 ut
1265 1153 1487 1220 mercabiles.

514 1380 571 1443 De
604 1378 744 1458 nuptis
780 1381 821 1462 et
853 1383 901 1446 de
935 1378 1205 1447 matrimonio.
1240 1420 1283 1429 -
1319 1382 1395 1450 Non
1430 1384 1667 1451 dubitandum

445 1511 497 1572 est
532 1508 619 1590 quin
654 1506 779 1574 Ovidio
822 1527 894 1575 non
940 1511 1049 1576 semet
1096 1508 1130 1574 in
1171 1505 1353 1574 tmombur
1389 1526 1445 1573 res
1490 1509 1537 1574 sit
1584 1527 1666 1574 curn

445 1631 580 1714 nuptis,
629 1631 811 1698 Voca'outo
857 1653 871 1694 a
913 1635 968 1700 vir
1015 1654 1030 1696 n
1070 1633 1211 1700 videtur
1260 1632 1440 1698 interdurn
1487 1632 1668 1718 designari

397 1786 405 1797 ·
444 1755 608 1834 maritus
641 1758 796 1842 exempti
826 1759 971 1842 gratia:

576 1916 639 1983 Vir
672 1925 756 1985 tuus
786 1925 839 1985 est
867 1920 992 2004 epulas
1022 1919 1126 1986 nobis
1162 1918 1327 1985 aditurus
1356 1918 1513 1985 easdem.

1208 2048 1281 2109 tart.
1313 2043 1338 2120 Ι,
1373 2061 1435 2119 nu,
1469 2044 1498 2121 i,
1519 2064 1598 2132 sqq.

509 2184 721 2271 Quanquam
759 2186 836 2253 fieri
880 2194 995 2273 potest
1039 2194 1079 2254 ut
1112 2187 1186 2254 iiiic
1224 2207 1240 2250 u
1274 2187 1351 2254 viro
1382 2209 1397 2251 n
1442 2186 1666 2271 significetur

443 2316 594 2377 amator.
631 2311 689 2378 Est
717 2319 837 2379 tamen
869 2313 930 2378 ubi
959 2311 1003 2379 de
1033 2317 1145 2397 nupta
1173 2312 1251 2377 sine
1274 2310 1384 2377 dubio
1413 2312 1575 2396 quaestio
1603 2312 1663 2389 sit,

442 2453 525 2500 curn
552 2441 653 2518 poeta
687 2435 806 2502 verbis
838 2457 853 2500 u
881 2455 973 2503 uxor
999 2457 1014 2500 n
1043 2443 1077 2503 et
1112 2457 1128 2499 u
1156 2434 1309 2502 maritus
1337 2457 1352 2499 u
1382 2442 1529 2502 utatur:

576 2576 639 2643 lite
674 2583 789 2663 potest
827 2596 939 2646 vacuo
969 2579 1082 2645 iurari
1115 2579 1219 2645 litore
1251 2596 1410 2655 arenas„

618 2703 770 2770 Uxorem
806 2702 905 2770 stulti
934 2705 963 2769 si
1000 2703 1081 2789 quis
1109 2704 1231 2770 amare
1260 2710 1386 2788 potest.

1260 2832 1334 2894 rtur.
1364 2826 1405 2905 ΙΙ,
1438 2847 1510 2905 xm,
1542 2829 1597 2895 45.

574 2970 664 3049 Quid
699 2971 790 3036 rnihi
822 2988 906 3036 curn
930 2971 1037 3045 facili,
1073 2970 1157 3055 quid
1184 2988 1268 3037 curn
1297 2970 1427 3037 tenone
1455 2970 1621 3037 marito‘?

1339 3093 1388 3162 td.
1420 3093 1505 3163 ibid.
1540 3096 1593 3163 57.

582 3290 699 3305 ......
731 3240 767 3304 in
807 3258 863 3306 me
903 3241 1000 3306 timet
1033 3231 1313 3305 iiia'maritum.

1250 3371 1323 3430 Ant.
1351 3364 1408 3441 ΙΙΙ,
1442 3383 1513 3441 vui,
1541 3364 1595 3431 63.

441 3533 489 3599 De
516 3534 747 3601 matrimonio
779 3540 897 3600 autern
928 3534 1015 3618 quid
1047 3534 1176 3601 sentiat
1214 3533 1363 3600 Ovidius
1395 3533 1593 3600 videamus.

505 3657 678 3725 Novimus
725 3677 806 3725 eurn
848 3677 979 3727 uxores
1017 3664 1089 3725 tres
1138 3658 1320 3737 habuisse,
1371 3677 1527 3742 quarum
1573 3659 1663 3725 duas

438 3785 641 3875 repudiauit
658 3782 716 3870 (ci.
743 3782 839 3850 Trist.
864 3784 919 3863 IV,
947 3803 982 3857 x,
1003 3784 1045 3851 69
1075 3785 1183 3871 sqq).
1208 3783 1421 3869 Quanquam
1451 3802 1536 3850 curn
1561 3785 1661 3850 tertia

437 3909 734 3994 conjunctissime
752 3910 853 3986 vixit,
878 3916 998 3976 tarnen
1021 3909 1199 3995 suspicari
1221 3909 1304 3976 iicet
1328 3928 1410 3975 eurn
1443 3909 1599 3993 pturirna
1626 3909 1663 3974 in

437 4035 669 4102 matrimonio
699 4034 928 4102 incommoda
957 4034 1161 4120 pertulisse,
1196 4035 1272 4101 Non
1307 4034 1416 4120 igitur
1447 4035 1581 4100 rnirum
1610 4040 1664 4100 est

438 4159 467 4227 si
494 4161 538 4227 de
564 4161 795 4227 matrimonio
820 4166 854 4228 et
879 4160 923 4226 de
948 4160 1124 4228 uxoribus
1152 4161 1341 4244 paululum
1377 4159 1615 4226 maledixerit.

400 4265 403 4274 ⁵
505 4284 597 4351 Lites
628 4285 721 4351 inter
744 4270 892 4350 maritos
921 4290 954 4351 et
985 4301 1117 4350 uxores
1144 4303 1249 4368 saepe
1277 4283 1355 4350 tieri
1382 4282 1591 4350 contendit:

567 4402 571 4409 =

569 4436 643 4502 Lite
665 4436 789 4521 fugent
815 4441 1020 4521 nuptaeque
1047 4435 1158 4507 viros,
1186 4440 1389 4519 nuptasque
1416 4434 1547 4504 mariti.

615 4561 727 4645 inque
755 4562 872 4626 ricem
899 4559 1047 4627 credant
1081 4577 1138 4625 res
1170 4559 1238 4624 sibi
1272 4577 1414 4643 semper
1438 4560 1506 4641 agi.

569 4685 642 4750 Hoc
672 4687 771 4751 decet
801 4703 958 4762 uxores;
991 4683 1055 4750 dos
1084 4690 1137 4749 est
1173 4685 1298 4749 uxoria
1327 4683 1418 4750 lites,

664 4788 669 4795 ¹
1316 4813 1352 4874 tt.
1373 4812 1444 4873 stur.
1459 4808 1500 4881 ii,
1517 4806 1591 4873 153,

502 4972 596 5037 Talia
619 4989 701 5038 cunr
729 4972 910 5046 scriberet,
940 4991 1032 5056 quae
1055 4971 1123 5037 stoi
1143 4971 1209 5055 ipsi
1227 4969 1442 5040 acciderant.
1463 4975 1502 5035 ut
1517 4969 1656 5053 opinor,
