4209 6184
987 856 1143 915 -Π-

581 1041 678 1108 liano
710 1043 826 1127 planet
863 1045 983 1110 ornari
1013 1045 1191 1112 testudine
1228 1045 1417 1130 Cyllenea;

490 1145 492 1148 ’
628 1166 811 1234 sustineat
839 1167 977 1234 srmues
1014 1169 1184 1235 auctibus
1222 1169 1283 1234 tua
1314 1169 1429 1236 sinus.

582 1290 650 1357 Sed
679 1310 797 1376 neque
832 1311 972 1360 ramosa
1012 1293 1221 1360 numerabis
1252 1294 1289 1359 in
1315 1294 1396 1361 iliee
1422 1293 1583 1378 glandes,
1627 1363 1633 1374 ,

625 1415 695 1482 Nee
731 1423 819 1501 quot
854 1435 939 1501 apes
977 1418 1124 1502 Hyblae,
1164 1437 1230 1484 nee
1263 1425 1350 1502 quot
1388 1419 1424 1484 in
1449 1418 1539 1503 Alpe
1565 1408 1672 1496 ferae,

582 1538 652 1606 Neo
681 1540 771 1606 mibi
806 1546 857 1607 tot
887 1542 1025 1626 positus
1062 1559 1215 1608 numero
1243 1544 1482 1627 compendere
1519 1542 1571 1609 tas
1605 1548 1670 1609 est.

481 1735 486 1746 ,
515 1703 517 1707 -
605 1649 755 1749 =Adjieit
791 1672 940 1732 ornatus
975 1666 1137 1749 proxima
1166 1685 1336 1751 quaeque
1362 1666 1450 1734 dies.

1208 1794 1247 1857 r.
1266 1796 1340 1857 rm.
1359 1791 1416 1870 m,
1439 1767 1624 1859 rar-raa

515 1939 574 2005 His
604 1941 761 2025 prolecto
797 1943 963 2009 versibus
1002 1943 1206 2028 perspicere
1248 1943 1329 2011 lieet
1376 1963 1486 2029 quam
1530 1943 1675 2009 assidue

447 2061 596 2130 Ovidius
635 2065 671 2132 in
708 2067 839 2133 tabulis
867 2073 1041 2141 versetur,
1077 2086 1173 2141 oum,
1206 2069 1250 2134 de
1287 2069 1503 2154 capillorum
1544 2075 1673 2134 ornatu

447 2188 622 2263 scribens,
660 2190 697 2256 in
741 2209 845 2258 suam
879 2192 1093 2259 memoriam
1132 2201 1275 2261 revocet
1310 2199 1372 2260 aut
1418 2193 1597 2269 heroidas,
1636 2199 1673 2260 ut

446 2312 687 2388 Laodamiam.
729 2323 791 2383 aut
822 2316 908 2383 deos
946 2322 982 2383 ut
1016 2316 1197 2384 Phoebum
1235 2323 1268 2384 et
1300 2319 1463 2384 Dianam.
1497 2318 1560 2383 Illa
1588 2336 1673 2383 vero

446 2439 593 2504 nomina
631 2442 964 2518 commemorando,
996 2459 1051 2508 res
1087 2441 1217 2509 cotidie
1243 2462 1263 2507 a
1292 2460 1331 2508 se
1363 2443 1583 2518 observatas,
1610 2443 1672 2509 sed

445 2582 536 2647 quae
571 2564 804 2629 humiliorem
839 2563 882 2630 ad
920 2564 1089 2650 lingenda
1119 2565 1279 2632 earmina
1308 2566 1500 2633 materiem
1538 2585 1673 2652 suppe-

445 2688 601 2756 ditarent
634 2695 776 2755 tantum
814 2689 988 2774 insignire
1012 2690 1191 2776 cupiebat.
1224 2691 1290 2758 Res
1321 2699 1442 2759 autem
1470 2698 1504 2759 et
1532 2693 1672 2761 tabulas

445 2812 630 2897 ingeniose
668 2814 831 2890 miseere,
862 2815 1010 2882 honest
1049 2835 1132 2883 vere
1158 2816 1388 2883 Ouidianum.

512 2938 579 3006 Sed
610 2958 736 3006 versus
775 2959 884 3025 supra
923 2940 1086 3038 laudatos
1120 2941 1219 3008 brevi
1261 2943 1521 3008 commentario
1555 2942 1672 3027 expli-

445 3081 525 3131 oare
559 3064 596 3130 in
632 3081 707 3130 rem
742 3064 821 3130 erit.

510 3187 658 3256 Ovidius
694 3196 774 3256 octo
812 3207 953 3256 eomam
990 3191 1141 3256 ornandi
1185 3191 1341 3257 rationes
1389 3198 1588 3257 enumerat.
1630 3191 1672 3258 Ut

443 3320 564 3381 autem
598 3320 692 3382 recte
726 3314 979 3400 intellegamus
1006 3315 1130 3399 quales
1160 3314 1243 3390 sint,
1272 3322 1508 3387 monumenta
1543 3335 1670 3402 graeca

445 3440 500 3506 vel
530 3457 679 3505 romana
709 3445 848 3525 oportet
878 3439 1119 3525 inspiciamus·
1144 3443 1165 3504 ¹.
1272 3527 1274 3530 Υ

510 3563 586 3631 Noli
614 3565 738 3630 mirari
769 3582 834 3630 nos
863 3564 1001 3648 graeois
1033 3563 1279 3630 monumentis
1315 3564 1365 3630 uti
1395 3565 1438 3630 ad
1469 3583 1507 3631 ea
1543 3566 1669 3648 expia·
1704 3598 1706 3600 ·

443 3689 561 3755 nanda
591 3707 682 3774 quae
710 3707 858 3756 romana
894 3696 991 3756 sunt.
1027 3688 1163 3774 Nempe
1198 3688 1347 3755 Ovidius
1380 3690 1469 3773 ipse,
1506 3696 1544 3755 ut
1584 3708 1669 3756 suos

442 3832 570 3881 versus
593 3814 803 3891 illustraret,
829 3813 1129 3904 similitudinibus
1161 3833 1248 3880 usus
1268 3821 1322 3881 est
1343 3832 1433 3898 quas
1458 3833 1500 3879 ex
1525 3832 1669 3898 graeco-

441 3958 523 4006 rum
581 3939 760 4006 artifioum
820 3939 988 4024 operibus
1036 3939 1246 4023 assumpsit,
1302 3957 1385 4005 oum
1443 3938 1666 4017 Laodamiae,

440 4064 629 4150 Apollinis,
672 4065 803 4130 Dianae
842 4069 1010 4130 ornatum
1049 4063 1278 4130 describeret.
1312 4063 1443 4130 Deinde
1481 4081 1524 4128 ex
1557 4062 1667 4130 Grae-

439 4207 566 4258 oorum
601 4189 863 4257 consuetudine
891 4196 925 4256 et
961 4190 1123 4257 moribus
1162 4189 1312 4269 Romam
1350 4188 1510 4255 advectis
1548 4189 1668 4255 evenit

440 4321 479 4381 ut
531 4314 746 4398 capillorum
792 4319 941 4382 ornatus
984 4316 1078 4399 apud
1130 4315 1310 4381 Romanos
1363 4318 1466 4379 antea
1512 4313 1667 4398 simplex

439 4440 554 4506 multo
596 4439 712 4524 magis
758 4441 880 4506 varius
935 4445 969 4507 et
1010 4439 1211 4524 exquisitus
1243 4438 1397 4522 Augusti
1425 4438 1666 4524 temporibus

485 4635 494 4666 ¹
518 4637 691 4685 Monumenta
708 4637 741 4684 ad
768 4638 892 4686 nostrum
917 4628 1059 4684 eonsilium
1076 4637 1137 4696 apta
1156 4635 1311 4684 invenimus
1330 4635 1357 4681 in
1381 4634 1458 4682 libris
1479 4635 1527 4695 qui
1550 4647 1666 4696 sequun-

438 4720 484 4766 tur
513 4730 519 4763 :
542 4717 708 4777 Daremberg
732 4719 759 4765 ot
782 4716 879 4778 Sardio,
904 4714 1099 4763 Dictiorutoire
1130 4712 1176 4760 des
1200 4713 1367 4775 ‚Antiquitas
1394 4715 1488 4763 article
1515 4713 1607 4763 Corrtu.
1635 4741 1665 4748 -

437 4797 466 4848 L.
480 4799 597 4860 lleuzey,
610 4795 658 4843 Les
677 4795 814 4857 tigurinos
831 4795 961 4857 antiques
977 4794 1008 4844 de
1031 4797 1104 4842 terre
1124 4793 1196 4841 crure
1215 4793 1253 4842 du
1275 4795 1368 4841 ‘nonrrse'e
1392 4793 1557 4855 deteriore,
1581 4796 1664 4855 Paris,

437 4875 507 4926 1883.
524 4902 560 4912 --
570 4876 604 4926 Μ.
620 4876 767 4937 Colliguon,
784 4874 908 4923 Histoire
921 4873 952 4922 de
968 4872 997 4923 to
1009 4873 1157 4936 sculpture
1173 4872 1302 4935 Grecque,
1318 4875 1406 4934 avet,
1424 4875 1506 4935 Paris,
1519 4873 1663 4924 asoa-1897.

435 4981 467 4990 -
481 4957 508 5005 S.
526 4955 653 5016 Remum,
663 4953 824 5016 Repertoire
842 4952 873 5002 de
890 4952 919 5002 to
934 4952 1074 5002 stotnoire
1088 4964 1205 5014 precone
1220 4955 1246 5000 et
1259 4953 1398 5010 romoiue,
1411 4955 1425 5001 Ξ
1440 4956 1526 5002 tomes
1540 4966 1573 5001 en
1583 4953 1598 5002 3
1610 4955 1663 5003 vol.

437 5037 521 5098 Parls,
549 5035 697 5086 raet-1898.
