4209 6184
966 899 1003 906 —
1025 863 1064 925 :tit
1085 868 1123 908 ⁵-

436 1055 538 1130 sima,
564 1060 598 1121 et
618 1055 838 1122 observatori
863 1055 918 1122 vel
944 1074 1073 1141 parum
1097 1057 1203 1123 rebus
1230 1054 1499 1139 perscrutandis
1526 1055 1661 1122 intento

437 1179 473 1245 in
505 1184 673 1264 promptu
710 1186 797 1247 est:

571 1321 641 1389 Nec
668 1323 808 1398 faciem,
845 1342 910 1391 nec
941 1331 974 1390 te
1008 1324 1125 1409 pigeat
1161 1324 1307 1390 laudare
1337 1323 1497 1407 capillos,

616 1447 656 1514 Et
689 1454 815 1515 teretes
844 1450 974 1535 digitos
1001 1449 1246 1534 exiguumque
1272 1450 1411 1534 pedem.

573 1572 756 1641 Delectant
787 1575 895 1641 etiam
927 1580 1043 1642 castas
1074 1575 1261 1660 praeconia
1295 1574 1460 1641 formae:

616 1697 825 1782 Virginibus
852 1717 960 1766 curae
990 1704 1162 1784 grataque
1194 1700 1307 1765 lorma
1338 1717 1403 1765 sua
1435 1704 1500 1765 est.

1210 1830 1248 1890 l.
1273 1827 1347 1889 dm.
1374 1824 1400 1902 l,
1427 1823 1488 1890 621
1516 1842 1595 1908 sqq.

507 1962 750 2043 Quibuscum
778 1967 942 2034 versibus
972 1968 1054 2034 licet
1089 1967 1252 2034 conferre
1278 1964 1362 2032 Med.
1389 1964 1456 2052 foc.
1490 1965 1560 2033 31:

573 2107 633 2175 Est
664 2109 772 2175 etiam
804 2110 983 2194 placuisse
1013 2111 1080 2176 sibi
1115 2128 1365 2195 quaecumque
1397 2109 1562 2195 voluptas

618 2232 826 2317 Virginibus
860 2234 958 2300 cordi
989 2241 1162 2319 grataque
1192 2234 1306 2300 torma
1336 2252 1401 2300 sua
1428 2240 1493 2301 est.

508 2374 595 2441 Cum
638 2382 759 2442 autem
797 2395 959 2461 (quaeque
1003 2376 1072 2442 sibi
1120 2377 1282 2443 videatur
1323 2375 1489 2453 amanda,
1532 2378 1664 2443 bonaur

442 2494 543 2586 spem
574 2500 730 2566 babeant
758 2502 825 2567 viri
853 2519 890 2567 sa
922 2504 966 2568 ab
999 2501 1169 2567 omnibus
1197 2518 1301 2584 posse
1332 2501 1445 2566 amari
1476 2519 1482 2565 :

576 2644 666 2729 Ergo
694 2663 770 2729 age,
809 2663 854 2711 ne
887 2644 1010 2712 dubita
1042 2650 1192 2712 cunctas
1221 2661 1365 2727 sperare
1392 2641 1552 2727 puellas!

620 2769 685 2835 Vix
723 2769 789 2835 erit
819 2788 838 2836 e
864 2770 988 2836 multis
1019 2788 1111 2854 quae
1136 2774 1239 2854 neget
1270 2785 1341 2834 una
1373 2767 1447 2834 libi.

576 2894 670 2972 Quae
681 2894 948 2979 danl,quaeque
960 2901 1103 2979 negant,
1115 2892 1271 2978 gaudent
1285 2899 1403 2958 lamen
1417 2910 1495 2958 esse
1509 2888 1663 2976 rogatae.

1220 3022 1259 3083 A.
1289 3024 1361 3082 Ara.
1396 3017 1421 3093 l,
1453 3015 1516 3082 343
1540 3034 1619 3100 sqq.

508 3160 666 3241 Quorum
707 3180 877 3229 versuum
927 3159 1095 3227 ultimum
1127 3158 1250 3226 lectori
1294 3175 1493 3244 proponere
1539 3175 1666 3243 operae

443 3286 597 3372 pretium
635 3304 712 3352 esse
742 3286 831 3352 mibi
865 3286 984 3352 visum
1024 3291 1090 3363 est,
1128 3301 1212 3350 cum
1241 3285 1286 3350 ab
1317 3301 1358 3349 eo
1385 3286 1526 3350 tantum
1556 3282 1665 3349 scribi

442 3391 596 3496 potuerit
631 3410 691 3496 qui
729 3411 947 3477 leminarum
981 3409 1092 3475 animi
1133 3409 1259 3475 intirna
1293 3414 1327 3475 et
1356 3425 1485 3474 arcana
1528 3427 1591 3493 per
1629 3425 1668 3474 se

427 3536 518 3619 'ipse
547 3535 762 3620 experiendo
794 3535 1034 3619 cognovisset.

509 3764 566 3828 De
586 3761 750 3827 feminis
771 3778 876 3840 quae
898 3764 948 3827 ab
971 3760 1115 3826 ovidio
1137 3760 1335 3839 Heroides
1355 3761 1660 3840 nuncupantur.

445 3919 483 3927 -—
510 3881 617 3948 Nobis
648 3882 684 3947 in
712 3883 834 3948 animo
864 3888 928 3958 est,
960 3889 1154 3965 antequam
1187 3881 1230 3946 de
1276 3881 1419 3947 leminis
1465 3880 1665 3947 disserendi

443 4004 551 4071 finem
580 4007 766 4082 iaciamus,
794 4006 970 4072 nonnulla
997 4005 1126 4072 addere
1154 4006 1199 4071 de
1229 4005 1443 4072 mulieribus
1472 4005 1543 4072 illis
1561 4025 1663 4091 quas,

443 4130 600 4214 antiquis
633 4130 765 4196 fabulis
805 4130 876 4215 jam
916 4130 1126 4207 illustratas,
1156 4129 1304 4197 Ovidius
1333 4131 1554 4197 carminibus
1590 4132 1665 4197 suis

444 4253 511 4319 sub
548 4253 695 4320 nomine
733 4254 927 4321 Heroidum
967 4255 1176 4322 celebravit.
1222 4253 1384 4321 Forsitan
1424 4255 1565 4321 mireris
1609 4274 1666 4322 me

443 4377 637 4445 Heroidum
677 4377 850 4464 epistulas
884 4397 956 4446 non
992 4380 1141 4445 omnino
1176 4379 1353 4457 omittere,
1390 4399 1474 4446 cum
1513 4380 1594 4446 illae
1621 4380 1665 4445 ab

443 4503 612 4570 omnibus
644 4503 860 4571 imitationes
899 4509 1037 4570 tantum
1071 4509 1105 4571 et
1138 4522 1257 4569 merae
1296 4504 1567 4571 exercitationes
1600 4505 1665 4570 ba-

444 4629 616 4704 beantur;
635 4645 699 4694 nec
729 4628 909 4695 immerito
943 4629 1101 4713 quidem.
1139 4628 1276 4694 Etenim
1301 4628 1485 4695 latendum
1512 4632 1565 4694 est
1596 4629 1665 4695 He-

444 4754 604 4821 roidibus
633 4753 824 4839 praecipue
856 4753 1096 4820 demonstrari
1136 4772 1208 4837 quo
1236 4753 1355 4821 studio
1383 4753 1542 4833 Ovidius,
1575 4755 1663 4820 dum

443 4869 660 4946 adulescens
697 4886 782 4957 erat,
824 4896 994 4963 graecum
1046 4896 1132 4963 epos
1174 4883 1208 4944 et
1238 4896 1403 4963 graecam
1446 4878 1662 4962 tragaediam

443 5003 683 5071 lectitavisset.
721 5003 914 5070 Heroidum
949 5002 1125 5088 epistulae
1155 5021 1284 5088 magna
1317 5022 1361 5069 ex
1389 5010 1491 5087 parte
1515 5021 1663 5090 graecae
