4209 6184
971 875 1129 940 ..11)-

439 1068 568 1136 mentis
616 1069 685 1134 nou
727 1069 841 1136 multa
883 1088 960 1136 esse
1004 1069 1093 1158 mibi
1127 1069 1202 1135 visa
1239 1075 1336 1134 sunt.
1379 1069 1545 1134 Attamen
1581 1068 1662 1133 vide

437 1193 626 1278 cujusdam
654 1194 755 1278 pueri
790 1193 945 1278 effigiem
978 1194 1029 1280 (1).
1058 1192 1091 1260 d.
1126 1200 1164 1260 Α.
1203 1201 1269 1261 111.
1309 1196 1424 1271 comit,
1457 1192 1516 1277 fig.
1547 1193 1659 1277 1818),

324 1296 326 1302 ⁴
436 1336 529 1402 quae
561 1337 675 1384 unum
708 1319 814 1386 111111-
847 1338 889 1385 ex
928 1320 998 1386 illis
1036 1319 1260 1403 elegantibus
1292 1319 1406 1385 servis
1444 1318 1576 1402 quibus
1611 1318 1661 1383 uti

437 1441 568 1509 Romae
603 1460 682 1508 mos
720 1442 786 1509 tuit
826 1461 867 1510 eo
902 1443 973 1528 jam
1013 1449 1173 1528 tempore
1210 1461 1281 1526 quo
1317 1442 1464 1508 Ovidius
1505 1442 1659 1509 vivebat.

437 1566 551 1652 Huius
582 1568 702 1652 capilli
726 1569 805 1635 laxe
831 1568 958 1652 iacent,
988 1574 1021 1635 et
1047 1567 1146 1634 tenui
1170 1573 1309 1634 tantum
1334 1567 1420 1634 vitta
1447 1546 1684 1634 retinentur.⁸

388 1714 389 1717 ¹
437 1691 615 1757 Nonnulla
647 1710 732 1758 vero
762 1710 889 1778 graeca
914 1698 1150 1759 monumenta
1189 1691 1315 1758 alierre
1345 1691 1428 1758 licet
1456 1693 1493 1758 in
1529 1692 1662 1776 quibus

437 1817 652 1881 feminarum
702 1817 817 1902 capita
866 1817 928 1884 illo
972 1823 1102 1884 ornatu
1142 1834 1251 1900 ouem
1298 1816 1446 1883 Ovidius
1486 1823 1662 1884 memorat

300 2017 303 2024 ,
436 1941 749 2007 commendantur.
785 1941 843 2008 Sic
874 1942 971 2008 enim
1010 1941 1174 2026 dispositi
1203 1945 1289 2007 sunt
1326 1940 1518 2043 Demetros,
1541 1940 1662 2027 capilli

437 2066 473 2131 in
504 2064 565 2132 illo
591 2065 771 2133 Eleusinio
804 2073 1041 2133 monumento
1068 2066 1163 2150 quod
1193 2067 1313 2132 videas
1340 2067 1435 2151 apud
1460 2065 1659 2151 Collignon,

437 2187 562 2276 Sculpt.
600 2209 673 2275 gr„
711 2190 752 2269 ll,
797 2211 831 2276 p.
870 2191 944 2268 111,
984 2190 1043 2275 fig.
1078 2192 1120 2257 68
1154 2211 1161 2266 ;
1199 2208 1357 2274 quocum
1392 2190 1556 2257 conlerre
1598 2191 1662 2258 tibi

437 2314 556 2381 licebit
579 2315 669 2381 duas
697 2314 830 2399 figuras
851 2314 946 2400 apud
975 2315 1127 2400 Heuzey,
1156 2314 1213 2402 lig.
1242 2321 1329 2393 out,
1362 2316 1411 2401 pl.
1438 2315 1491 2393 18,
1520 2315 1579 2400 lig.
1607 2316 1659 2391 1;

438 2439 486 2523 pl.
524 2437 611 2517 l8b¹⁸,
647 2439 706 2525 fig.
735 2438 768 2505 2.
796 2439 863 2505 Sed
893 2439 991 2505 nulla
1022 2439 1091 2506 alia
1123 2439 1279 2524 imagine
1319 2439 1449 2506 metius
1487 2439 1662 2507 illustrari

437 2580 542 2649 posse
576 2563 691 2630 Ovidii
728 2582 874 2630 versum
910 2570 996 2649 puto
1030 2583 1139 2648 uuam
1176 2564 1331 2631 lemineo
1369 2564 1431 2632 illo
1466 2565 1581 2650 capite
1617 2585 1660 2632 ex

438 2705 620 2755 marmore
646 2688 742 2773 quod
777 2688 976 2774 Collignon,
1006 2671 1224 2774 8111111191,
1258 2688 1298 2768 11,
1329 2710 1363 2774 p.
1391 2691 1467 2767 155,
1501 2689 1560 2775 tig.
1583 2690 1660 2770 236,

438 2812 568 2880 attulit.
601 2813 761 2897 Denique
794 2814 1015 2880 mentionem
1049 2813 1177 2879 laciam
1212 2814 1352 2900 puellae
1389 2814 1546 2881 victricis
1570 2833 1663 2900 quae

438 2944 490 3004 est
524 2937 618 3022 apud
649 2938 817 3034 Reinacb,
848 2938 926 3023 lldp.
963 2938 989 3015 1,
1021 2957 1056 3022 p.
1092 2938 1169 3017 527,
1203 2937 1262 3022 fig.
1294 2939 1339 3005 6.,

570 3089 606 3154 6·“
634 3087 697 3153 1111
723 3089 768 3155 sit
795 3088 975 3155 adstrictis
1006 3089 1234 3174 impedienda
1265 3090 1390 3157 comis.

362 3225 387 3282 ·’
503 3239 649 3324 Capillis
684 3241 761 3306 laxe
788 3239 989 3325 iacentibus
1012 3238 1216 3312 adstrictae,
1247 3240 1360 3307 idest
1385 3241 1488 3306 nodis
1521 3247 1555 3307 et
1583 3241 1662 3307 vin-

437 3364 528 3429 culis
562 3363 753 3448 impeditae
787 3380 911 3429 comae
942 3363 985 3428 ab
1017 3361 1143 3428 Ovidio
1173 3367 1419 3448 opponuntur.
1453 3363 1530 3429 Non
1556 3364 1663 3430 unica

306 3496 333 3516 ²
436 3493 557 3554 autem
596 3493 648 3553 est
685 3486 794 3571 buius
833 3493 982 3553 ornatus
1023 3488 1172 3571 species.
1211 3487 1336 3554 Plures
1371 3488 1468 3554 enim
1506 3489 1663 3554 rationes

438 3619 521 3680 sunt
564 3613 696 3697 quibus
737 3612 855 3678 crines
905 3612 1080 3697 adstringi
1134 3618 1168 3679 et
1216 3612 1382 3697 impediri
1425 3614 1575 3698 possint,
1626 3620 1663 3681 ut

438 3737 671 3804 manifestum
697 3742 751 3803 est
781 3754 825 3802 ex
853 3737 1133 3803 monumentis:
1164 3736 1221 3822 (ci.
1256 3741 1293 3802 b.
1319 3735 1352 3803 d.
1383 3742 1422 3804 A.
1451 3739 1660 3815 11101111,

335 3833 337 3836 ,
439 3862 497 3947 lig.
540 3833 624 3929 1858
662 3865 682 3927 a
728 3861 838 3935 18651.
881 3861 945 3927 1111
984 3867 1104 3927 autem
1149 3837 1390 3928 monumenta
1427 3879 1662 3929 romanarum

438 3988 684 4072 Augustarum
736 3985 871 4070 effigies
922 3986 1106 4070 praebent.
1153 3987 1201 4052 Ex
1243 4004 1315 4071 quo
1360 3986 1539 4071 conjicere
1581 3988 1663 4055 licet

439 4113 545 4179 talem
580 4129 703 4178 comae
728 4093 897 4178 ornatum
934 4111 1067 4177 Romae
1103 4111 1171 4177 sub
1203 4112 1428 4196 principibus
1460 4130 1592 4197 magno
1625 4113 1663 4178 iu

369 4226 371 4230 ’
439 4238 575 4305 bonore
606 4236 727 4303 luisse.
765 4236 841 4302 Non
873 4236 1237 4303 tamencredendum
1267 4241 1320 4303 est
1350 4236 1454 4302 illum
1481 4255 1500 4302 a
1525 4239 1663 4321 graecis

439 4361 582 4428 leminis
614 4366 863 4445 contemptum
899 4359 1022 4427 luisse.
1059 4358 1148 4425 Nam
1180 4378 1326 4445 graecas
1365 4359 1518 4428 iemiuas
1553 4362 1663 4448 pluri·

438 4504 540 4552 mum
570 4485 710 4553 artificii
744 4484 780 4549 in
812 4482 974 4550 crinibus
1002 4483 1053 4550 sic
1081 4484 1254 4550 ornandis
1282 4484 1549 4552 contulisseex
1581 4486 1665 4571 plu-

359 4642 366 4660 ·
439 4610 539 4676 ribus
564 4609 809 4677 monumentis
832 4609 940 4674 etiam
964 4614 1113 4694 apparet
1142 4626 1150 4672 :
1182 4607 1229 4694 (cl
1265 4611 1304 4673 D.
1332 4605 1366 4674 d.
1390 4613 1430 4674 ,1.
1451 4615 1518 4676 art.
1547 4611 1661 4688 Coma,

439 4733 499 4819 fig.
532 4734 616 4801 1827
651 4738 670 4799 1
704 4731 817 4816 1838).

577 4888 610 4954 7⁰
639 4887 736 4953 Hanc
770 4884 886 4969 placet
916 4883 1038 4949 ornari
1074 4882 1253 4950 testudine
1279 4883 1459 4969 Cyllenea.

511 5038 631 5118 Qualis
663 5038 709 5103 sit
741 5034 801 5102 ille
828 5038 976 5100 ornatus
1008 5022 1216 5118 ambigitur.
1250 5034 1340 5101 Sunt
1366 5035 1429 5119 qui
1459 5034 1666 5103 existiment
