4209 6184
946 867 1105 929 „49-

407 1050 492 1130 Quis
520 1053 618 1118 enim
644 1052 783 1120 dubitet
807 1046 884 1132 hos,
913 1056 975 1138 qui
1000 1062 1215 1140 sequuntur,
1234 1059 1372 1123 'versus
1399 1075 1630 1142 magnacum

287 1257 288 1262 Ἰ
408 1177 541 1263 ingenii
576 1178 760 1247 alacritate
783 1185 818 1246 et
848 1180 979 1247 laetitia
1006 1181 1230 1266 conscriptos
1256 1178 1404 1248 luisse?

541 1321 604 1388 Tol
632 1322 695 1387 tibi
727 1329 873 1406 tamque
896 1322 994 1389 dabit
1023 1323 1200 1394 formosas
1234 1323 1345 1390 lloma
1372 1323 1511 1408 puellas

586 1468 602 1510 a
628 1446 720 1513 Haeo
740 1447 847 1514 habet
875 1466 891 1510 u
913 1453 952 1513 ut
967 1429 1068 1513 dieas
1099 1469 1114 1512 «
1143 1447 1319 1532 quidquid
1340 1447 1376 1512 in
1401 1447 1486 1515 orbe
1515 1448 1592 1514 luit.
1614 1468 1629 1509 u

548 1571 703 1656 Gargara
721 1577 809 1657 quot
824 1578 972 1656 segetes
996 1578 1084 1656 quot
1103 1572 1211 1638 habet
1227 1571 1433 1657 Methymna
1455 1588 1628 1649 racemos,

585 1697 751 1781 Aequore
780 1702 868 1782 quot
898 1697 1026 1782 pisces,
1065 1697 1191 1765 ironde
1223 1703 1394 1781 teguntur
1427 1714 1524 1775 aves,

541 1820 632 1901 Quot
660 1822 799 1889 eaelum
833 1821 967 1900 stellas,
995 1829 1047 1890 tot
1079 1823 1183 1890 babel
1215 1828 1276 1888 lua
1305 1822 1416 1889 Roma
1443 1820 1602 1907 puellas;

585 1946 695 2013 Mater
724 1946 762 2013 in
791 1948 931 2013 Aeneae
960 1948 1119 2015 constitit
1153 1948 1242 2014 urbe
1272 1946 1341 2013 sui.

1185 2076 1225 2138 A.
1257 2075 1332 2139 Aru.
1357 2049 1383 2149 l,
1415 2072 1457 2139 55
1484 2091 1563 2157 sqq.

473 2213 620 2282 Veneris
647 2216 786 2290 urbem,
807 2215 1002 2283 testivitate
1027 2215 1284 2291 luxuriantem,
1308 2235 1454 2282 auream
1479 2214 1627 2281 Romam

406 2341 459 2424 (Α.
497 2347 570 2406 ΑΙη.
610 2340 667 2418 ΙΙΙ,
715 2340 805 2421 113),
849 2357 1067 2425 magnopere
1106 2341 1230 2406 dilexit
1272 2340 1445 2419 Ovidius3
1496 2340 1543 2406 ita
1579 2345 1628 2420 ut,

405 2463 544 2543 Catulli,
585 2465 728 2543 Tibulli,
769 2464 943 2550 Propertii
980 2483 1155 2550 perquam
1200 2463 1399 2543 dissimilis,
1444 2483 1516 2532 uon
1558 2472 1630 2532 tam

405 2589 540 2675 proprii
567 2591 623 2656 sui
643 2591 777 2657 amoris
801 2596 925 2657 cantor
954 2589 1062 2656 luerit
1084 2607 1192 2674 quam
1221 2589 1325 2656 illum
1354 2608 1515 2657 amorem
1541 2590 1630 2657 eele-

404 2715 562 2781 braveril
593 2715 667 2800 qui,
701 2734 785 2782 oum
812 2715 885 2800 lam
917 2716 1067 2792 theatra,
1109 2714 1260 2792 ciroum,
1297 2716 1468 2799 portione,
1507 2716 1628 2792 vioos,

403 2840 543 2918 deuios,
572 2848 681 2907 totam
704 2841 859 2925 denique
883 2839 1014 2906 Urbem
1039 2839 1243 2917 invasisset,
1281 2840 1456 2924 juvenum
1487 2841 1629 2908 animos

371 2969 373 2973 ’
404 2960 517 3032 novis
542 2965 720 3033 illecebris
752 2966 854 3050 quasi
886 2965 1091 3032 inebriaret.

471 3088 592 3174 Neque
615 3090 651 3155 id
676 3090 882 3157 mirandum
907 3090 950 3167 si,
977 3089 1021 3156 de
1046 3089 1156 3157 Roma
1183 3089 1346 3174 loquens,
1373 3090 1589 3157 exclamavit
1617 3109 1626 3155 :
1689 3149 1691 3151 ,

580 3230 657 3299 lllio
684 3232 916 3317 Hippolytum
945 3251 1048 3316 poue,
1081 3232 1232 3315 Priapus
1263 3233 1341 3298 erit.

1239 3362 1311 3422 liu.
1347 3357 1388 3438 Il,
1421 3378 1467 3431 iv,
1501 3358 1555 3425 32.
