4209 6184
984 839 1143 900 ..16-

580 1023 717 1114 Oesypa
736 1030 821 1114 quid
849 1029 1021 1105 redolent,
1056 1029 1224 1112 quamvis
1250 1029 1413 1094 mittatur
1437 1027 1587 1093 Athenis

623 1155 794 1239 Demptus
823 1155 866 1221 ah
891 1154 1082 1220 immundo
1119 1153 1251 1220 vellere
1276 1169 1386 1219 sucus
1415 1150 1527 1218 ovis‘?

577 1278 646 1345 Nec
670 1297 791 1347 coram
820 1280 950 1346 mixtas
976 1297 1103 1346 cervae
1125 1278 1327 1364 sumpsisse
1359 1277 1535 1343 medullas

620 1402 691 1470 Nec
724 1422 843 1471 coram
879 1403 1004 1470 dentes
1033 1402 1243 1469 defricuisse
1273 1402 1436 1487 probem.

577 1529 644 1595 lsta
675 1527 813 1595 dabunt
845 1527 1010 1604 lormam,
1043 1528 1105 1594 sed
1135 1534 1242 1594 erunt
1263 1526 1437 1593 deformia
1470 1526 1561 1599 risu,

620 1652 801 1738 Multaque
833 1654 920 1719 duni
953 1652 1044 1719 liunt
1077 1652 1208 1736 turpia,
1231 1652 1321 1718 iacta
1355 1635 1509 1735 placent.

1165 1781 1209 1844 l.
1237 1781 1310 1842 Alo.
1337 1775 1395 1853 ΙΙΙ,
1423 1774 1488 1842 209
1520 1794 1596 1860 sqq.

509 1920 551 1986 Ut
578 1920 622 1985 de
653 1919 756 1986 vultu
789 1920 1065 1998 concludamus,
1091 1918 1258 1985 Ovidium
1295 1918 1458 1984 dicemus
1490 1919 1667 2002 quaedam

440 2045 604 2112 attulisse
650 2044 736 2111 satis
773 2043 854 2111 trita
899 2045 1178 2118 etcommunia,
1225 2043 1400 2109 nonnulla
1452 2048 1583 2115 tamen.
1630 2044 1666 2109 in

440 2168 567 2252 primis
598 2187 680 2235 cum
713 2168 757 2234 de
795 2169 917 2234 vultus
963 2168 1189 2262 lineamentis
1236 2167 1273 2234 in
1322 2167 1435 2233 animi
1479 2166 1665 2234 aflectibus

440 2293 684 2379 exprimendis
712 2279 852 2369 tractat
887 2299 920 2360 et
951 2294 1041 2360 hene
1076 2291 1325 2359 observavisse
1350 2297 1384 2358 el
1409 2293 1666 2360 convenienter

439 2418 685 2504 descripsisse.

507 2612 704 2676 Decuma
731 2611 773 2675 et
804 2613 852 2675 de
872 2609 1113 2689 capillorum
1141 2610 1300 2674 ornatu.
1335 2614 1451 2679 -De
1488 2633 1590 2680 coma
1631 2620 1666 2681 ol

439 2738 482 2805 de
506 2739 721 2824 capillorum
753 2745 880 2806 ornatu
914 2739 1018 2804 mulli
1043 2745 1185 2805 exstant
1216 2739 1311 2823 apud
1339 2737 1505 2804 Ovidium
1538 2756 1665 2806 versus

346 2877 347 2882 ’
439 2881 530 2947 quos
565 2864 751 2950 neglegere
780 2868 1026 2949 opportunum
1046 2862 1117 2930 est.
1143 2864 1213 2930 Hos
1246 2864 1326 2930 dico
1358 2881 1448 2948 quos
1472 2882 1583 2949 paene
1613 2865 1664 2930 in·

439 2989 681 3055 numerabiles
713 2988 808 3072 apud
837 3005 963 3055 omnes
998 2988 1127 3055 latinos
1162 2994 1285 3076 poetas
1320 2988 1489 3072 reperias,
1535 2993 1568 3054 et
1602 2988 1663 3073 qui

382 3161 384 3166 .
439 3112 618 3197 pertinent
655 3112 699 3177 ad
735 3112 885 3195 capillos
932 3112 988 3178 vel
1025 3119 1170 3197 propter
1209 3113 1347 3178 luctum
1383 3112 1572 3188 demissos,
1608 3112 1663 3201 vel

438 3243 582 3322 propter
612 3236 773 3303 dolorem
810 3236 973 3303 et=iram
1015 3235 1183 3303 laniatos.
1226 3236 1265 3302 ln
1308 3236 1440 3320 quibus
1478 3236 1567 3302 nihil
1609 3243 1663 3303 est

437 3362 581 3446 proprie
605 3360 833 3427 Ouidianum.

503 3487 670 3552 Attamen
696 3503 767 3551 non
797 3504 880 3551 eum
917 3485 1006 3569 lugit
1031 3493 1208 3571 quantum
1235 3491 1353 3570 posset
1386 3484 1430 3550 ad
1457 3486 1659 3571 puellarum

437 3608 589 3674 lormam
623 3591 874 3676 illustrandam
909 3611 1125 3696 capillorum
1160 3616 1320 3687 ornatus,
1353 3609 1486 3694 quippe
1521 3610 1581 3694 qui
1616 3610 1661 3677 de

373 3784 378 3793 .
437 3732 546 3801 variis
577 3733 762 3818 ponendae
799 3753 921 3802 comae
949 3735 1149 3801 rationibus
1178 3735 1293 3801 fusius
1320 3736 1504 3819 scripserit
1532 3753 1539 3800 :

569 3877 688 3960 Longa
716 3877 843 3961 probat
872 3876 979 3944 iacies
1015 3877 1142 3962 capitis
1169 3876 1380 3943 discrimina
1408 3876 1488 3962 puri
1518 3894 1526 3942 :

615 4002 673 4068 Sic
705 4007 780 4067 erat
814 4001 950 4068 ornatis
979 4001 1172 4067 Laodamia
1200 4001 1326 4068 comis.
1654 3992 1656 3995 ’
1720 3994 1723 3998 ’

569 4125 745 4212 Exiguum
775 4145 917 4192 summa
952 4126 1086 4192 nodum
1114 4126 1181 4192 sibi
1209 4126 1325 4193 ironte
1358 4116 1529 4212 relinqui,

614 4251 655 4318 Ut
682 4256 826 4337 pateant
848 4268 966 4328 aures
998 4269 1060 4317 ora
1095 4252 1246 4318 rotunda
1280 4251 1417 4318 volunt.

509 4388 510 4392 ’
567 4376 725 4443 Alterius
754 4377 872 4460 crines
906 4394 1031 4443 umero
1067 4376 1245 4460 jactentur
1278 4383 1463 4460 utroque:

611 4501 703 4567 Talis
738 4519 775 4567 es
807 4500 1009 4585 adsumpta,
1041 4501 1181 4568 Phoebe
1216 4518 1359 4578 canore,
1390 4501 1479 4586 lyra.

567 4627 686 4692 Altera
723 4626 927 4693 succinctae
956 4625 1127 4710 religetur
1160 4643 1259 4692 more
1292 4625 1435 4701 Dianae,

612 4751 654 4817 Ut
683 4751 773 4818 solet
804 4751 972 4817 attonitas
1011 4770 1095 4818 cum
1135 4751 1222 4837 petit
1250 4750 1310 4817 illa
1339 4751 1444 4817 ieras.

512 4939 513 4942 ,
567 4876 655 4942 Huic
688 4877 789 4942 decet
820 4875 962 4942 intlatos
989 4875 1066 4942 laxe
1093 4876 1247 4961 jacuisse
1275 4874 1446 4960 capillos;

610 5001 673 5066 Illa
702 5001 748 5068 sit
778 4999 958 5067 adstrictis
985 5000 1212 5086 impedienda
1248 5001 1375 5067 comis.
1499 4978 1501 4987 X
