4209 6184
958 888 1117 949 ,23-

485 1072 685 1141 Delectatur
710 1094 852 1161 quoque
879 1076 935 1142 liis
961 1077 1102 1163 capillis
1131 1078 1193 1161 qui
1221 1096 1338 1162 neque
1364 1078 1429 1143 atri
1458 1083 1554 1153 sunt,
1588 1095 1645 1143 ne-

417 1216 486 1282 que
520 1217 617 1264 aurei
651 1219 657 1265 :

551 1358 621 1427 Nec
645 1366 765 1428 tamen
791 1367 867 1428 ater
893 1366 980 1440 erat,
1012 1368 1177 1428 necerat
1209 1367 1335 1432 tamen,
1356 1379 1488 1428 aureus
1519 1359 1589 1435 ille,

462 1485 475 1508 ·'
503 1520 505 1523 v
598 1485 678 1563 Sed,
706 1487 875 1570 quamvis
904 1493 1041 1565 neuter,
1071 1488 1207 1555 mixtus
1227 1494 1378 1572 uterque
1401 1486 1510 1554 color.

552 1607 699 1688 Qualem
727 1611 883 1679 clivosae
911 1612 1065 1678 madidis
1095 1612 1132 1679 in
1165 1613 1320 1680 vallibus
1350 1611 1431 1677 ldae

596 1734 715 1800 Ardua
748 1737 895 1820 derepto
928 1737 1061 1803 cortice
1094 1737 1224 1805 cedrus
1258 1737 1376 1804 hahet.

812 1848 815 1855 ’
1199 1866 1272 1926 Aru.
1300 1859 1324 1936 l,
1353 1880 1423 1939 xlv,
1452 1859 1472 1926 9
1496 1879 1575 1945 sqq.

485 2001 636 2087 Elegans
667 2003 813 2088 quidem
841 2009 874 2069 et
900 2003 1050 2070 minime
1076 2005 1157 2075 trita
1183 2003 1395 2082 similitudo,
1426 2019 1518 2086 quae
1552 2003 1647 2068 unde

419 2127 559 2193 venerit
598 2115 731 2202 nescio,
767 2146 858 2212 quae
898 2128 1023 2195 saltem
1064 2128 1159 2213 apud
1196 2135 1332 2195 ceteros
1363 2128 1492 2193 latinos
1524 2133 1646 2210 poetas

418 2261 598 2336 nusquam
628 2227 774 2320 inventa
805 2257 896 2320 est¹.

379 2408 380 2411 ¹
484 2375 616 2442 Omitto
645 2376 905 2462 adjectivorum
931 2378 1072 2444 turbam
1089 2397 1181 2463 quae
1203 2377 1344 2463 capillis
1359 2377 1642 2462 conjunguntur,

417 2507 450 2567 et
479 2519 571 2586 quae
604 2501 813 2568 communia
845 2508 942 2578 sunt,
975 2508 1014 2569 ut
1042 2499 1148 2587 lausqi,
1181 2499 1317 2581 luculli,
1340 2498 1470 2587 diffusi,
1496 2499 1642 2578 {lentot

417 2626 603 2710 multaque
640 2625 709 2692 alia
743 2625 852 2711 huius
882 2627 988 2692 modi.

485 2854 542 2918 De
567 2854 798 2933 puellarum
819 2852 989 2920 vestitu.
1011 2895 1054 2904 -
1083 2857 1296 2943 Quanquam
1331 2855 1479 2924 Ovidius
1508 2858 1646 2943 puellas

417 2984 591 3050 vult-esse
609 3002 718 3068 quam
735 2985 969 3061 cultissimus,
993 2989 1115 3050 tamen
1136 2983 1180 3049 ab
1198 2983 1249 3049 eis
1264 2983 1425 3067 exposcit
1443 2990 1481 3051 ut
1496 2984 1646 3049 modum
1752 2958 1758 2973 ⁸

418 3106 454 3173 in
485 3109 613 3174 vestitu
640 3115 795 3181 servent,
819 3127 909 3175 nevo
934 3109 1089 3175 nimium
1111 3107 1205 3175 caris
1233 3106 1393 3173 vestibus
1420 3106 1643 3193 induantur:

550 3268 620 3334 Vos
654 3286 797 3354 quoque
833 3287 906 3335 non
938 3269 1031 3336 caris
1064 3287 1169 3335 aures
1199 3256 1343 3334 onerate
1374 3267 1506 3352 lapillis

556 3422 558 3426 ⁸
595 3394 689 3474 Quos
723 3394 806 3479 legit
839 3394 876 3459 in
911 3393 1016 3460 viridi
1048 3393 1192 3461 decolor
1218 3392 1329 3460 lodus
1358 3412 1461 3478 aqua.

550 3519 620 3586 Neo
653 3519 793 3605 prodite
822 3537 951 3604 graves
977 3520 1099 3586 insuto
1131 3519 1291 3587 vestibus
1319 3518 1424 3585 auro!

593 3645 660 3710 Per
685 3663 776 3729 quas
806 3661 871 3710 nos
907 3644 1037 3728 potitis,
1068 3662 1173 3730 saepe
1208 3643 1350 3727 iugatis
1388 3662 1482 3728 opes

551 3768 735 3836 Munditiis
763 3769 948 3855 capimur.v

703 3884 704 3889 ’
1127 3879 1165 3940 l.
1197 3879 1270 3940 Astii.
1305 3873 1363 3951 lll,
1399 3874 1461 3940 129
1491 3894 1568 3960 sqq.

384 4085 386 4089 ,
484 4017 617 4103 Nempe
652 4023 791 4084 rectum
830 4023 864 4084 et
902 4035 1032 4083 sanum
1064 4016 1116 4082 illi
1155 4022 1230 4082 erat
1261 4016 1461 4101 judicium,
1497 4018 1644 4102 elegan-

416 4143 556 4226 tiaeque
586 4141 680 4226 justa
713 4141 926 4208 aestimatio.
955 4141 1077 4225 Neque
1101 4141 1209 4207 etiam
1230 4142 1395 4225 pretiosis
1420 4144 1642 4209 ornamentis

331 4279 334 4284 ·
416 4266 625 4345 delectatur,
662 4272 700 4333 ut
732 4274 818 4334 sunt
848 4285 940 4350 quae
974 4245 1126 4333 vocatu
1154 4272 1382 4350 segmenta»
1419 4284 1578 4351 purpura
1610 4276 1641 4334 et

416 4410 504 4459 auro
535 4384 680 4469 intexta,
723 4409 813 4475 quae
848 4391 1012 4457 femineis
1049 4390 1210 4457 vestibus
1247 4391 1541 4474 applicabantur;
1577 4412 1643 4459 neo

327 4586 330 4590 ,
415 4515 520 4601 Tyrio
558 4515 696 4583 murice
730 4533 862 4601 magno
896 4521 1044 4600 sumptu
1083 4515 1192 4581 tincta
1233 4515 1446 4582 vestimenta
1485 4516 1640 4584 laudat:

550 4659 639 4739 Quid
666 4659 709 4725 de
734 4666 832 4727 veste
863 4656 1018 4742 loquar‘?
1048 4676 1114 4725 nec
1142 4675 1240 4725 nunc
1265 4665 1448 4742 segmenta
1474 4660 1639 4743 requiro,

594 4783 664 4850 Nec
699 4802 790 4867 quae
819 4784 862 4848 de
891 4781 995 4867 Tyrio
1028 4783 1166 4848 murice
1199 4783 1279 4848 lana
1316 4783 1435 4849 rubes.

462 5032 519 5081 ¹Cl.
533 5033 560 5083 J.
581 5033 610 5079 Α.
629 5032 785 5085 Washlrietl
804 5028 1088 5078 llesiritila'ltrdlutdus
1101 5028 1328 5091 inopinatosque
1346 5029 1499 5089 (lutitianis,
1515 5046 1541 5095 p,
1558 5034 1610 5081 til.
