<?xml version="1.0" encoding="UTF-8"?>
<!DOCTYPE html PUBLIC "-//W3C//DTD XHTML 1.0 Transitional//EN"
    "http://www.w3.org/TR/xhtml1/DTD/xhtml1-transitional.dtd">
<html xmlns="http://www.w3.org/1999/xhtml" xml:lang="en" lang="en">
 <head>
  <title>
</title>
<meta http-equiv="Content-Type" content="text/html;charset=utf-8" />
  <meta name='ocr-system' content='tesseract 3.04.00' />
  <meta name='ocr-capabilities' content='ocr_page ocr_carea ocr_par ocr_line ocrx_word'/>
</head>
<body>
  <div class='ocr_page' id='page_1' title='image "./hominesetresquo00dautgoog_0032.png"; bbox 0 0 4209 6184; ppageno 0'>
   <div class='ocr_carea' id='block_1_1' title="bbox 1025 837 1183 898">
    <p class='ocr_par' dir='ltr' id='par_1_1' title="bbox 1025 837 1183 898">
     <span class='ocr_line' id='line_1_1' title="bbox 1025 837 1183 898; baseline 0.006 -20"><span class='ocrx_word' id='word_1_1' title='bbox 1025 837 1183 898; x_wconf 44' lang='grc'>48-</span> 
     </span>
    </p>
   </div>
   <div class='ocr_carea' id='block_1_2' title="bbox 451 1016 1716 1239">
    <p class='ocr_par' dir='ltr' id='par_1_2' title="bbox 451 1016 1716 1239">
     <span class='ocr_line' id='line_1_2' title="bbox 557 1016 1716 1113; baseline -0.001 -18"><span class='ocrx_word' id='word_1_2' title='bbox 557 1029 693 1109; x_wconf 82' lang='lat' dir='ltr'><strong>Quibus</strong></span> <span class='ocrx_word' id='word_1_3' title='bbox 726 1046 810 1095; x_wconf 91' lang='lat' dir='ltr'>cum</span> <span class='ocrx_word' id='word_1_4' title='bbox 862 1027 1028 1095; x_wconf 88' lang='lat' dir='ltr'>versibus</span> <span class='ocrx_word' id='word_1_5' title='bbox 1072 1016 1273 1095; x_wconf 87' lang='lat' dir='ltr'>licet&#39;illos</span> <span class='ocrx_word' id='word_1_6' title='bbox 1316 1046 1526 1113; x_wconf 87' lang='lat' dir='ltr'>comparare</span> <span class='ocrx_word' id='word_1_7' title='bbox 1573 1029 1632 1113; x_wconf 89' lang='lat' dir='ltr'>qni</span> <span class='ocrx_word' id='word_1_8' title='bbox 1679 1029 1716 1095; x_wconf 90' lang='lat' dir='ltr'>in</span> 
     </span>
     <span class='ocr_line' id='line_1_3' title="bbox 451 1145 1501 1239; baseline -0.001 -19"><span class='ocrx_word' id='word_1_9' title='bbox 451 1145 454 1150; x_wconf 74' lang='grc'><strong>’</strong></span> <span class='ocrx_word' id='word_1_10' title='bbox 490 1155 667 1239; x_wconf 89' lang='lat' dir='ltr'>opusculo</span> <span class='ocrx_word' id='word_1_11' title='bbox 698 1154 741 1219; x_wconf 91' lang='lat' dir='ltr'>de</span> <span class='ocrx_word' id='word_1_12' title='bbox 773 1153 1076 1220; x_wconf 80' lang='lat' dir='ltr'>medicaminibus</span> <span class='ocrx_word' id='word_1_13' title='bbox 1103 1153 1205 1220; x_wconf 80' lang='lat' dir='ltr'>faciei</span> <span class='ocrx_word' id='word_1_14' title='bbox 1239 1153 1501 1220; x_wconf 89' lang='lat' dir='ltr'>inveniuntur:</span> 
     </span>
    </p>
   </div>
   <div class='ocr_carea' id='block_1_3' title="bbox 619 1288 1661 2256">
    <p class='ocr_par' dir='ltr' id='par_1_3' title="bbox 619 1288 1661 2256">
     <span class='ocr_line' id='line_1_4' title="bbox 624 1288 1578 1380; baseline 0 -19"><span class='ocrx_word' id='word_1_15' title='bbox 624 1288 786 1364; x_wconf 72' lang='lat' dir='ltr'>Forsitan</span> <span class='ocrx_word' id='word_1_16' title='bbox 812 1295 981 1380; x_wconf 78' lang='lat' dir='ltr'>antiquae</span> <span class='ocrx_word' id='word_1_17' title='bbox 1017 1296 1115 1363; x_wconf 86' lang='lat' dir='ltr'>Tatio</span> <span class='ocrx_word' id='word_1_18' title='bbox 1149 1295 1217 1362; x_wconf 91' lang='lat' dir='ltr'>sub</span> <span class='ocrx_word' id='word_1_19' title='bbox 1243 1314 1325 1380; x_wconf 84' lang='lat' dir='ltr'>rege</span> <span class='ocrx_word' id='word_1_20' title='bbox 1356 1295 1508 1363; x_wconf 77' lang='lat' dir='ltr'>Sabinae</span> <span class='ocrx_word' id='word_1_21' title='bbox 1550 1308 1578 1358; x_wconf 74' lang='lat' dir='ltr'>s</span> 
     </span>
     <span class='ocr_line' id='line_1_5' title="bbox 668 1420 1470 1506; baseline 0 -20"><span class='ocrx_word' id='word_1_22' title='bbox 668 1420 858 1487; x_wconf 89' lang='lat' dir='ltr'>Maluerint</span> <span class='ocrx_word' id='word_1_23' title='bbox 888 1439 996 1506; x_wconf 90' lang='lat' dir='ltr'>quam</span> <span class='ocrx_word' id='word_1_24' title='bbox 1029 1438 1068 1494; x_wconf 86' lang='lat' dir='ltr'>se</span> <span class='ocrx_word' id='word_1_25' title='bbox 1099 1439 1182 1486; x_wconf 92' lang='lat' dir='ltr'>rura</span> <span class='ocrx_word' id='word_1_26' title='bbox 1208 1427 1353 1505; x_wconf 89' lang='lat' dir='ltr'>paterna</span> <span class='ocrx_word' id='word_1_27' title='bbox 1389 1421 1470 1498; x_wconf 88' lang='lat' dir='ltr'>ooli,</span> 
     </span>
     <span class='ocr_line' id='line_1_6' title="bbox 625 1545 1661 1632; baseline 0.001 -20"><span class='ocrx_word' id='word_1_28' title='bbox 625 1546 712 1612; x_wconf 91' lang='lat' dir='ltr'>Cum</span> <span class='ocrx_word' id='word_1_29' title='bbox 746 1554 921 1623; x_wconf 85' lang='lat' dir='ltr'>matrona,</span> <span class='ocrx_word' id='word_1_30' title='bbox 956 1564 1124 1632; x_wconf 90' lang='lat' dir='ltr'>premens</span> <span class='ocrx_word' id='word_1_31' title='bbox 1156 1545 1269 1613; x_wconf 90' lang='lat' dir='ltr'>altum</span> <span class='ocrx_word' id='word_1_32' title='bbox 1298 1546 1498 1612; x_wconf 87' lang='lat' dir='ltr'>rubicunda</span> <span class='ocrx_word' id='word_1_33' title='bbox 1525 1546 1661 1622; x_wconf 75' lang='lat' dir='ltr'>sedile·</span> 
     </span>
     <span class='ocr_line' id='line_1_7' title="bbox 668 1670 1475 1756; baseline -0.001 -19"><span class='ocrx_word' id='word_1_34' title='bbox 668 1671 829 1738; x_wconf 83' lang='lat' dir='ltr'>Adsiduo</span> <span class='ocrx_word' id='word_1_35' title='bbox 857 1672 990 1737; x_wconf 90' lang='lat' dir='ltr'>durum</span> <span class='ocrx_word' id='word_1_36' title='bbox 1027 1671 1156 1756; x_wconf 88' lang='lat' dir='ltr'>pollice</span> <span class='ocrx_word' id='word_1_37' title='bbox 1185 1670 1291 1737; x_wconf 88' lang='lat' dir='ltr'>nebat</span> <span class='ocrx_word' id='word_1_38' title='bbox 1318 1690 1421 1755; x_wconf 91' lang='lat' dir='ltr'>opus,</span> <span class='ocrx_word' id='word_1_39' title='bbox 1473 1682 1475 1685; x_wconf 82' lang='grc'><strong>’</strong></span> 
     </span>
     <span class='ocr_line' id='line_1_8' title="bbox 621 1795 1581 1882; baseline -0.001 -20"><span class='ocrx_word' id='word_1_40' title='bbox 621 1797 773 1882; x_wconf 91' lang='lat' dir='ltr'>Ipsaque</span> <span class='ocrx_word' id='word_1_41' title='bbox 810 1796 1009 1873; x_wconf 87' lang='lat' dir='ltr'>claudebat,</span> <span class='ocrx_word' id='word_1_42' title='bbox 1049 1814 1140 1879; x_wconf 92' lang='lat' dir='ltr'>quos</span> <span class='ocrx_word' id='word_1_43' title='bbox 1166 1795 1238 1862; x_wconf 89' lang='lat' dir='ltr'>filia</span> <span class='ocrx_word' id='word_1_44' title='bbox 1271 1803 1428 1881; x_wconf 78' lang='lat' dir='ltr'>paverat,</span> <span class='ocrx_word' id='word_1_45' title='bbox 1456 1815 1581 1881; x_wconf 82' lang='lat' dir='ltr'>agnos,</span> 
     </span>
     <span class='ocr_line' id='line_1_9' title="bbox 666 1917 1472 2006; baseline -0.002 -20"><span class='ocrx_word' id='word_1_46' title='bbox 666 1921 745 2005; x_wconf 88' lang='lat' dir='ltr'>ipsa</span> <span class='ocrx_word' id='word_1_47' title='bbox 771 1919 879 1986; x_wconf 88' lang='lat' dir='ltr'>dabat</span> <span class='ocrx_word' id='word_1_48' title='bbox 904 1920 1023 2006; x_wconf 84' lang='lat' dir='ltr'>virgas</span> <span class='ocrx_word' id='word_1_49' title='bbox 1052 1917 1228 2005; x_wconf 88' lang='lat' dir='ltr'>caesaque</span> <span class='ocrx_word' id='word_1_50' title='bbox 1254 1919 1349 2006; x_wconf 83' lang='lat' dir='ltr'>ligna</span> <span class='ocrx_word' id='word_1_51' title='bbox 1382 1921 1472 1988; x_wconf 90' lang='lat' dir='ltr'>ioco.</span> 
     </span>
     <span class='ocr_line' id='line_1_10' title="bbox 619 2045 1555 2130; baseline -0.001 -17"><span class='ocrx_word' id='word_1_52' title='bbox 619 2046 664 2113; x_wconf 80' lang='lat' dir='ltr'>At</span> <span class='ocrx_word' id='word_1_53' title='bbox 692 2051 832 2111; x_wconf 88' lang='lat' dir='ltr'>vestrae</span> <span class='ocrx_word' id='word_1_54' title='bbox 863 2050 1168 2125; x_wconf 84' lang='lat' dir='ltr'>matresteneras</span> <span class='ocrx_word' id='word_1_55' title='bbox 1202 2063 1370 2130; x_wconf 83' lang='lat' dir='ltr'>peperere</span> <span class='ocrx_word' id='word_1_56' title='bbox 1403 2045 1555 2129; x_wconf 82' lang='lat' dir='ltr'>puellas,</span> 
     </span>
     <span class='ocr_line' id='line_1_11' title="bbox 1255 2167 1646 2256; baseline 0.003 -22"><span class='ocrx_word' id='word_1_57' title='bbox 1255 2167 1373 2236; x_wconf 81' lang='lat' dir='ltr'>Medic.</span> <span class='ocrx_word' id='word_1_58' title='bbox 1402 2168 1470 2256; x_wconf 82' lang='lat' dir='ltr'>foc.</span> <span class='ocrx_word' id='word_1_59' title='bbox 1503 2170 1538 2236; x_wconf 90' lang='lat' dir='ltr'>ll</span> <span class='ocrx_word' id='word_1_60' title='bbox 1568 2188 1646 2254; x_wconf 93' lang='lat' dir='ltr'>sqq.</span> 
     </span>
    </p>
   </div>
   <div class='ocr_carea' id='block_1_4' title="bbox 489 2311 1713 2791">
    <p class='ocr_par' dir='ltr' id='par_1_4' title="bbox 489 2311 1713 2791">
     <span class='ocr_line' id='line_1_12' title="bbox 556 2311 1713 2392; baseline 0 -14"><span class='ocrx_word' id='word_1_61' title='bbox 556 2313 596 2378; x_wconf 91' lang='lat' dir='ltr'>ln</span> <span class='ocrx_word' id='word_1_62' title='bbox 651 2316 814 2379; x_wconf 79' lang='lat' dir='ltr'>Amorum</span> <span class='ocrx_word' id='word_1_63' title='bbox 866 2319 986 2379; x_wconf 87' lang='lat' dir='ltr'>autem</span> <span class='ocrx_word' id='word_1_64' title='bbox 1030 2312 1122 2378; x_wconf 91' lang='lat' dir='ltr'>libro</span> <span class='ocrx_word' id='word_1_65' title='bbox 1164 2311 1191 2389; x_wconf 88' lang='lat'>1,</span> <span class='ocrx_word' id='word_1_66' title='bbox 1237 2331 1311 2386; x_wconf 69' lang='lat' dir='ltr'>vnn</span> <span class='ocrx_word' id='word_1_67' title='bbox 1356 2312 1411 2392; x_wconf 83' lang='lat'>39,</span> <span class='ocrx_word' id='word_1_68' title='bbox 1443 2313 1596 2380; x_wconf 85' lang='lat' dir='ltr'>Sabinae</span> <span class='ocrx_word' id='word_1_69' title='bbox 1642 2330 1713 2379; x_wconf 90' lang='lat' dir='ltr'>non</span> 
     </span>
     <span class='ocr_line' id='line_1_13' title="bbox 489 2435 1453 2523; baseline 0.001 -21"><span class='ocrx_word' id='word_1_70' title='bbox 489 2437 659 2523; x_wconf 83' lang='lat' dir='ltr'>antiquae</span> <span class='ocrx_word' id='word_1_71' title='bbox 685 2435 816 2514; x_wconf 88' lang='lat' dir='ltr'>solum,</span> <span class='ocrx_word' id='word_1_72' title='bbox 848 2436 909 2504; x_wconf 89' lang='lat' dir='ltr'>sed</span> <span class='ocrx_word' id='word_1_73' title='bbox 938 2437 1150 2503; x_wconf 84' lang='lat' dir='ltr'>immundae</span> <span class='ocrx_word' id='word_1_74' title='bbox 1180 2436 1296 2505; x_wconf 88' lang='lat' dir='ltr'>dictae</span> <span class='ocrx_word' id='word_1_75' title='bbox 1323 2444 1453 2505; x_wconf 88' lang='lat' dir='ltr'>erant:</span> 
     </span>
     <span class='ocr_line' id='line_1_14' title="bbox 622 2579 1537 2665; baseline 0.001 -20"><span class='ocrx_word' id='word_1_76' title='bbox 622 2579 783 2647; x_wconf 84' lang='lat' dir='ltr'>Forsitan</span> <span class='ocrx_word' id='word_1_77' title='bbox 811 2580 1021 2647; x_wconf 88' lang='lat' dir='ltr'>immundae</span> <span class='ocrx_word' id='word_1_78' title='bbox 1050 2581 1150 2646; x_wconf 86' lang='lat' dir='ltr'>Tatio·</span> <span class='ocrx_word' id='word_1_79' title='bbox 1180 2586 1353 2665; x_wconf 83' lang='lat' dir='ltr'>regnante</span> <span class='ocrx_word' id='word_1_80' title='bbox 1384 2579 1537 2646; x_wconf 84' lang='lat' dir='ltr'>Sabinae</span> 
     </span>
     <span class='ocr_line' id='line_1_15' title="bbox 666 2703 1480 2791; baseline -0.004 -21"><span class='ocrx_word' id='word_1_81' title='bbox 666 2703 853 2772; x_wconf 85' lang='lat' dir='ltr'>Noluerint</span> <span class='ocrx_word' id='word_1_82' title='bbox 887 2706 1025 2772; x_wconf 83' lang='lat' dir='ltr'>habiles</span> <span class='ocrx_word' id='word_1_83' title='bbox 1051 2704 1217 2791; x_wconf 90' lang='lat' dir='ltr'>pluribus</span> <span class='ocrx_word' id='word_1_84' title='bbox 1247 2723 1326 2772; x_wconf 85' lang='lat' dir='ltr'>esse</span> <span class='ocrx_word' id='word_1_85' title='bbox 1356 2706 1480 2772; x_wconf 82' lang='lat' dir='ltr'>viris..</span> 
     </span>
    </p>
   </div>
   <div class='ocr_carea' id='block_1_5' title="bbox 555 2915 1785 3036">
    <p class='ocr_par' dir='ltr' id='par_1_5' title="bbox 555 2915 1785 3036">
     <span class='ocr_line' id='line_1_16' title="bbox 555 2915 1785 3036; baseline 0.007 -24"><span class='ocrx_word' id='word_1_86' title='bbox 555 2949 614 3015; x_wconf 85' lang='lat' dir='ltr'>De</span> <span class='ocrx_word' id='word_1_87' title='bbox 634 2949 867 3036; x_wconf 76' lang='lat' dir='ltr'>puellarum</span> <span class='ocrx_word' id='word_1_88' title='bbox 887 2949 1083 3020; x_wconf 81' lang='lat' dir='ltr'>moribus,</span> <span class='ocrx_word' id='word_1_89' title='bbox 1119 2993 1163 3002; x_wconf 91' lang='lat'><em>-</em></span> <span class='ocrx_word' id='word_1_90' title='bbox 1200 2955 1277 3022; x_wconf 93' lang='lat' dir='ltr'>Non</span> <span class='ocrx_word' id='word_1_91' title='bbox 1319 2956 1434 3022; x_wconf 85' lang='lat' dir='ltr'>[orma</span> <span class='ocrx_word' id='word_1_92' title='bbox 1476 2956 1607 3033; x_wconf 85' lang='lat' dir='ltr'>solum,</span> <span class='ocrx_word' id='word_1_93' title='bbox 1649 2915 1711 3021; x_wconf 85' lang='lat' dir='ltr'>sed</span> <span class='ocrx_word' id='word_1_94' title='bbox 1783 2975 1785 2977; x_wconf 70' lang='grc'><strong>’</strong></span> 
     </span>
    </p>
   </div>
   <div class='ocr_carea' id='block_1_6' title="bbox 403 3075 1647 3170">
    <p class='ocr_par' dir='ltr' id='par_1_6' title="bbox 403 3075 1647 3170">
     <span class='ocr_line' id='line_1_17' title="bbox 403 3075 1647 3170; baseline 0.002 -27"><span class='ocrx_word' id='word_1_95' title='bbox 403 3122 407 3132; x_wconf 88' lang='grc'>-</span> <span class='ocrx_word' id='word_1_96' title='bbox 492 3078 600 3157; x_wconf 92' lang='lat' dir='ltr'>etiam</span> <span class='ocrx_word' id='word_1_97' title='bbox 627 3075 790 3166; x_wconf 91' lang='lat' dir='ltr'>moribus</span> <span class='ocrx_word' id='word_1_98' title='bbox 816 3077 882 3142; x_wconf 91' lang='lat' dir='ltr'>sibi</span> <span class='ocrx_word' id='word_1_99' title='bbox 917 3097 1076 3145; x_wconf 92' lang='lat' dir='ltr'>amorem</span> <span class='ocrx_word' id='word_1_100' title='bbox 1104 3080 1298 3147; x_wconf 87' lang='lat' dir='ltr'>conciliare</span> <span class='ocrx_word' id='word_1_101' title='bbox 1320 3079 1450 3170; x_wconf 86' lang='lat' dir='ltr'>debent</span> <span class='ocrx_word' id='word_1_102' title='bbox 1479 3079 1647 3164; x_wconf 92' lang='lat' dir='ltr'>puellae:</span> 
     </span>
    </p>
   </div>
   <div class='ocr_carea' id='block_1_7' title="bbox 487 3219 1715 4178">
    <p class='ocr_par' dir='ltr' id='par_1_7' title="bbox 711 3219 1645 3432">
     <span class='ocr_line' id='line_1_18' title="bbox 711 3219 1479 3289; baseline 0.004 -4"><span class='ocrx_word' id='word_1_103' title='bbox 711 3219 869 3286; x_wconf 89' lang='lat' dir='ltr'>Moribus</span> <span class='ocrx_word' id='word_1_104' title='bbox 895 3228 927 3287; x_wconf 89' lang='lat' dir='ltr'>et</span> <span class='ocrx_word' id='word_1_105' title='bbox 953 3222 1066 3288; x_wconf 81' lang='lat' dir='ltr'>torma</span> <span class='ocrx_word' id='word_1_106' title='bbox 1091 3222 1341 3289; x_wconf 89' lang='lat' dir='ltr'>conciliandus</span> <span class='ocrx_word' id='word_1_107' title='bbox 1365 3240 1479 3289; x_wconf 88' lang='lat' dir='ltr'>amor.</span> 
     </span>
     <span class='ocr_line' id='line_1_19' title="bbox 1330 3347 1645 3432; baseline 0 -20"><span class='ocrx_word' id='word_1_108' title='bbox 1330 3423 1333 3432; x_wconf 29' lang='grc' dir='ltr'>Ι</span> <span class='ocrx_word' id='word_1_109' title='bbox 1402 3350 1480 3412; x_wconf 78' lang='lat' dir='ltr'>lior.</span> <span class='ocrx_word' id='word_1_110' title='bbox 1507 3347 1563 3425; x_wconf 89' lang='lat' dir='ltr'>Vl,</span> <span class='ocrx_word' id='word_1_111' title='bbox 1590 3347 1645 3412; x_wconf 75' lang='lat'>94.</span> 
     </span>
    </p>

    <p class='ocr_par' dir='ltr' id='par_1_8' title="bbox 487 3479 1715 4178">
     <span class='ocr_line' id='line_1_20' title="bbox 555 3479 1713 3572; baseline 0.003 -20"><span class='ocrx_word' id='word_1_112' title='bbox 555 3487 598 3555; x_wconf 89' lang='lat' dir='ltr'>Ut</span> <span class='ocrx_word' id='word_1_113' title='bbox 620 3507 637 3551; x_wconf 91' lang='lat'>«</span> <span class='ocrx_word' id='word_1_114' title='bbox 663 3488 777 3554; x_wconf 81' lang='lat' dir='ltr'>forma</span> <span class='ocrx_word' id='word_1_115' title='bbox 805 3508 834 3565; x_wconf 84' lang='lat' dir='ltr'>u,</span> <span class='ocrx_word' id='word_1_116' title='bbox 863 3479 1035 3572; x_wconf 90' lang='lat' dir='ltr'>eorporis,</span> <span class='ocrx_word' id='word_1_117' title='bbox 1064 3489 1111 3556; x_wconf 92' lang='lat' dir='ltr'>ita</span> <span class='ocrx_word' id='word_1_118' title='bbox 1138 3510 1153 3551; x_wconf 83' lang='lat' dir='ltr'>a</span> <span class='ocrx_word' id='word_1_119' title='bbox 1181 3488 1344 3556; x_wconf 88' lang='lat' dir='ltr'>moribus</span> <span class='ocrx_word' id='word_1_120' title='bbox 1372 3514 1401 3567; x_wconf 79' lang='lat' dir='ltr'>u,</span> <span class='ocrx_word' id='word_1_121' title='bbox 1429 3489 1541 3556; x_wconf 90' lang='lat' dir='ltr'>animi</span> <span class='ocrx_word' id='word_1_122' title='bbox 1568 3489 1713 3555; x_wconf 89' lang='lat' dir='ltr'>babitus</span> 
     </span>
     <span class='ocr_line' id='line_1_21' title="bbox 487 3611 1714 3699; baseline 0.002 -21"><span class='ocrx_word' id='word_1_123' title='bbox 487 3611 724 3697; x_wconf 83' lang='lat' dir='ltr'>significatur.</span> <span class='ocrx_word' id='word_1_124' title='bbox 752 3611 1061 3692; x_wconf 85' lang='lat' dir='ltr'>Quemadmodum</span> <span class='ocrx_word' id='word_1_125' title='bbox 1099 3631 1261 3698; x_wconf 90' lang='lat' dir='ltr'>corpora,</span> <span class='ocrx_word' id='word_1_126' title='bbox 1303 3615 1354 3680; x_wconf 89' lang='lat' dir='ltr'>sic</span> <span class='ocrx_word' id='word_1_127' title='bbox 1389 3614 1592 3699; x_wconf 90' lang='lat' dir='ltr'>puellarum</span> <span class='ocrx_word' id='word_1_128' title='bbox 1633 3615 1714 3680; x_wconf 93' lang='lat' dir='ltr'>ani-</span> 
     </span>
     <span class='ocr_line' id='line_1_22' title="bbox 487 3725 1715 3822; baseline 0.002 -20"><span class='ocrx_word' id='word_1_129' title='bbox 487 3755 567 3803; x_wconf 89' lang='lat' dir='ltr'>mos</span> <span class='ocrx_word' id='word_1_130' title='bbox 587 3736 687 3814; x_wconf 89' lang='lat' dir='ltr'>cultu</span> <span class='ocrx_word' id='word_1_131' title='bbox 710 3725 970 3802; x_wconf 88' lang='lat' dir='ltr'>commendari</span> <span class='ocrx_word' id='word_1_132' title='bbox 989 3742 1087 3822; x_wconf 89' lang='lat' dir='ltr'>optat</span> <span class='ocrx_word' id='word_1_133' title='bbox 1119 3735 1281 3802; x_wconf 82' lang='lat' dir='ltr'>Ovidius,</span> <span class='ocrx_word' id='word_1_134' title='bbox 1315 3737 1380 3803; x_wconf 84' lang='lat' dir='ltr'>Eas</span> <span class='ocrx_word' id='word_1_135' title='bbox 1408 3745 1572 3822; x_wconf 82' lang='lat' dir='ltr'>rogatui</span> <span class='ocrx_word' id='word_1_136' title='bbox 1601 3739 1715 3805; x_wconf 88' lang='lat' dir='ltr'>rusti-</span> 
     </span>
     <span class='ocr_line' id='line_1_23' title="bbox 487 3860 1712 3946; baseline 0.002 -18"><span class='ocrx_word' id='word_1_137' title='bbox 487 3861 631 3929; x_wconf 84' lang='lat' dir='ltr'>citatem</span> <span class='ocrx_word' id='word_1_138' title='bbox 657 3862 694 3928; x_wconf 92' lang='lat' dir='ltr'>in</span> <span class='ocrx_word' id='word_1_139' title='bbox 726 3861 853 3946; x_wconf 89' lang='lat' dir='ltr'>primis</span> <span class='ocrx_word' id='word_1_140' title='bbox 879 3860 1062 3946; x_wconf 87' lang='lat' dir='ltr'>deponant</span> <span class='ocrx_word' id='word_1_141' title='bbox 1090 3868 1123 3928; x_wconf 88' lang='lat' dir='ltr'>el</span> <span class='ocrx_word' id='word_1_142' title='bbox 1165 3863 1289 3929; x_wconf 89' lang='lat' dir='ltr'>vitent.</span> <span class='ocrx_word' id='word_1_143' title='bbox 1324 3863 1572 3930; x_wconf 89' lang='lat' dir='ltr'>Rusticitatem</span> <span class='ocrx_word' id='word_1_144' title='bbox 1614 3864 1712 3930; x_wconf 90' lang='lat' dir='ltr'>enim</span> 
     </span>
     <span class='ocr_line' id='line_1_24' title="bbox 487 3959 1712 4072; baseline 0.002 -20"><span class='ocrx_word' id='word_1_145' title='bbox 487 3986 686 4070; x_wconf 88' lang='lat' dir='ltr'>pessimum</span> <span class='ocrx_word' id='word_1_146' title='bbox 727 3986 892 4053; x_wconf 91' lang='lat' dir='ltr'>omnium</span> <span class='ocrx_word' id='word_1_147' title='bbox 936 3985 1116 4052; x_wconf 91' lang='lat' dir='ltr'>malorum</span> <span class='ocrx_word' id='word_1_148' title='bbox 1153 3963 1188 4052; x_wconf 85' lang='lat' dir='ltr'>in</span> <span class='ocrx_word' id='word_1_149' title='bbox 1223 3987 1353 4072; x_wconf 91' lang='lat' dir='ltr'>puellis</span> <span class='ocrx_word' id='word_1_150' title='bbox 1385 4005 1463 4054; x_wconf 89' lang='lat' dir='ltr'>esse</span> <span class='ocrx_word' id='word_1_151' title='bbox 1493 4006 1564 4055; x_wconf 92' lang='lat' dir='ltr'>non</span> <span class='ocrx_word' id='word_1_152' title='bbox 1600 3959 1712 4055; x_wconf 85' lang='lat' dir='ltr'>semel</span> 
     </span>
     <span class='ocr_line' id='line_1_25' title="bbox 488 4089 1385 4178; baseline 0.007 -5"><span class='ocrx_word' id='word_1_153' title='bbox 488 4109 692 4178; x_wconf 86' lang='lat' dir='ltr'>affirmavit.</span> <span class='ocrx_word' id='word_1_154' title='bbox 817 4100 820 4105; x_wconf 40' lang='lat'><strong>⁴</strong></span> <span class='ocrx_word' id='word_1_155' title='bbox 1376 4089 1385 4100; x_wconf 46' lang='grc'><strong>’</strong></span> 
     </span>
    </p>
   </div>
   <div class='ocr_carea' id='block_1_8' title="bbox 461 4229 1822 4320">
    <p class='ocr_par' dir='ltr' id='par_1_9' title="bbox 461 4229 1822 4320">
     <span class='ocr_line' id='line_1_26' title="bbox 461 4229 1822 4320; baseline 0.004 -20"><span class='ocrx_word' id='word_1_156' title='bbox 461 4251 462 4254; x_wconf 71' lang='grc'>’</span> <span class='ocrx_word' id='word_1_157' title='bbox 554 4234 621 4301; x_wconf 93' lang='lat' dir='ltr'>Sed</span> <span class='ocrx_word' id='word_1_158' title='bbox 656 4235 758 4302; x_wconf 91' lang='lat' dir='ltr'>nobis</span> <span class='ocrx_word' id='word_1_159' title='bbox 796 4234 957 4319; x_wconf 91' lang='lat' dir='ltr'>primum</span> <span class='ocrx_word' id='word_1_160' title='bbox 996 4234 1101 4301; x_wconf 87' lang='lat' dir='ltr'>liceat</span> <span class='ocrx_word' id='word_1_161' title='bbox 1128 4236 1304 4320; x_wconf 87' lang='lat' dir='ltr'>quaedam</span> <span class='ocrx_word' id='word_1_162' title='bbox 1340 4235 1383 4302; x_wconf 91' lang='lat' dir='ltr'>de</span> <span class='ocrx_word' id='word_1_163' title='bbox 1420 4236 1556 4302; x_wconf 89' lang='lat' dir='ltr'>ratione</span> <span class='ocrx_word' id='word_1_164' title='bbox 1591 4229 1712 4305; x_wconf 89' lang='lat' dir='ltr'>dicere</span> <span class='ocrx_word' id='word_1_165' title='bbox 1819 4244 1822 4249; x_wconf 55' lang='lat'><em>⁴</em></span> 
     </span>
    </p>
   </div>
   <div class='ocr_carea' id='block_1_9' title="bbox 487 4358 1712 4570">
    <p class='ocr_par' dir='ltr' id='par_1_10' title="bbox 487 4358 1712 4570">
     <span class='ocr_line' id='line_1_27' title="bbox 487 4358 1712 4446; baseline 0.002 -20"><span class='ocrx_word' id='word_1_166' title='bbox 487 4379 557 4444; x_wconf 88' lang='lat' dir='ltr'>qna</span> <span class='ocrx_word' id='word_1_167' title='bbox 587 4358 735 4427; x_wconf 87' lang='lat' dir='ltr'>Ovidius</span> <span class='ocrx_word' id='word_1_168' title='bbox 764 4359 949 4428; x_wconf 79' lang='lat' dir='ltr'>vocabulis</span> <span class='ocrx_word' id='word_1_169' title='bbox 971 4360 1178 4437; x_wconf 72' lang='lat' dir='ltr'>«rusticus</span> <span class='ocrx_word' id='word_1_170' title='bbox 1207 4360 1426 4428; x_wconf 83' lang='lat' dir='ltr'>rusticitas»</span> <span class='ocrx_word' id='word_1_171' title='bbox 1454 4360 1588 4439; x_wconf 89' lang='lat' dir='ltr'>utitur;</span> <span class='ocrx_word' id='word_1_172' title='bbox 1617 4363 1712 4446; x_wconf 92' lang='lat' dir='ltr'>quod</span> 
     </span>
     <span class='ocr_line' id='line_1_28' title="bbox 487 4470 1711 4570; baseline 0.004 -22"><span class='ocrx_word' id='word_1_173' title='bbox 487 4484 686 4570; x_wconf 87' lang='lat' dir='ltr'>plurimum</span> <span class='ocrx_word' id='word_1_174' title='bbox 721 4485 879 4570; x_wconf 90' lang='lat' dir='ltr'>proderit</span> <span class='ocrx_word' id='word_1_175' title='bbox 908 4485 951 4551; x_wconf 93' lang='lat' dir='ltr'>ad</span> <span class='ocrx_word' id='word_1_176' title='bbox 983 4470 1180 4569; x_wconf 84' lang='lat' dir='ltr'>ingenium</span> <span class='ocrx_word' id='word_1_177' title='bbox 1195 4484 1272 4568; x_wconf 87' lang='lat' dir='ltr'>ejus</span> <span class='ocrx_word' id='word_1_178' title='bbox 1304 4493 1399 4551; x_wconf 90' lang='lat' dir='ltr'>recte</span> <span class='ocrx_word' id='word_1_179' title='bbox 1431 4485 1711 4553; x_wconf 89' lang='lat' dir='ltr'>aestimandum.</span> 
     </span>
    </p>
   </div>
   <div class='ocr_carea' id='block_1_10' title="bbox 485 4729 1711 5067">
    <p class='ocr_par' dir='ltr' id='par_1_11' title="bbox 485 4729 1711 5067">
     <span class='ocr_line' id='line_1_29' title="bbox 550 4729 1709 4810; baseline 0 -17"><span class='ocrx_word' id='word_1_180' title='bbox 550 4729 609 4794; x_wconf 90' lang='lat' dir='ltr'>De</span> <span class='ocrx_word' id='word_1_181' title='bbox 623 4729 835 4795; x_wconf 86' lang='lat' dir='ltr'>vocabulis</span> <span class='ocrx_word' id='word_1_182' title='bbox 859 4753 878 4789; x_wconf 88' lang='lat'>«</span> <span class='ocrx_word' id='word_1_183' title='bbox 898 4730 1126 4806; x_wconf 72' lang='lat' dir='ltr'>rusticitas,</span> <span class='ocrx_word' id='word_1_184' title='bbox 1140 4730 1327 4796; x_wconf 79' lang='lat' dir='ltr'>rusticus</span> <span class='ocrx_word' id='word_1_185' title='bbox 1347 4754 1367 4789; x_wconf 89' lang='lat'>»</span> <span class='ocrx_word' id='word_1_186' title='bbox 1381 4734 1489 4810; x_wconf 85' lang='lat' dir='ltr'>apud</span> <span class='ocrx_word' id='word_1_187' title='bbox 1505 4731 1709 4797; x_wconf 81' lang='lat' dir='ltr'>ovidium.</span> 
     </span>
     <span class='ocr_line' id='line_1_30' title="bbox 485 4849 1711 4935; baseline 0.002 -21"><span class='ocrx_word' id='word_1_188' title='bbox 485 4887 530 4896; x_wconf 89' lang='lat'><em>-</em></span> <span class='ocrx_word' id='word_1_189' title='bbox 554 4849 616 4916; x_wconf 86' lang='lat' dir='ltr'>llla</span> <span class='ocrx_word' id='word_1_190' title='bbox 656 4850 831 4917; x_wconf 85' lang='lat' dir='ltr'>¹vocabula</span> <span class='ocrx_word' id='word_1_191' title='bbox 881 4857 1008 4935; x_wconf 87' lang='lat' dir='ltr'>quater</span> <span class='ocrx_word' id='word_1_192' title='bbox 1044 4858 1078 4918; x_wconf 91' lang='lat' dir='ltr'>et</span> <span class='ocrx_word' id='word_1_193' title='bbox 1107 4852 1217 4918; x_wconf 88' lang='lat' dir='ltr'>vicies</span> <span class='ocrx_word' id='word_1_194' title='bbox 1246 4851 1284 4917; x_wconf 91' lang='lat' dir='ltr'>in</span> <span class='ocrx_word' id='word_1_195' title='bbox 1308 4852 1501 4918; x_wconf 89' lang='lat' dir='ltr'>Amatoriis</span> <span class='ocrx_word' id='word_1_196' title='bbox 1532 4851 1711 4918; x_wconf 85' lang='lat' dir='ltr'>Carmini-</span> 
     </span>
     <span class='ocr_line' id='line_1_31' title="bbox 487 4975 1710 5067; baseline -0.001 -25"><span class='ocrx_word' id='word_1_197' title='bbox 487 4975 555 5042; x_wconf 93' lang='lat' dir='ltr'>bus</span> <span class='ocrx_word' id='word_1_198' title='bbox 586 4976 756 5066; x_wconf 83' lang='lat' dir='ltr'>(exceptis</span> <span class='ocrx_word' id='word_1_199' title='bbox 789 4975 845 5042; x_wconf 92' lang='lat' dir='ltr'>bis</span> <span class='ocrx_word' id='word_1_200' title='bbox 878 4977 1042 5066; x_wconf 88' lang='lat' dir='ltr'>epistulis</span> <span class='ocrx_word' id='word_1_201' title='bbox 1079 4995 1170 5067; x_wconf 90' lang='lat' dir='ltr'>quae</span> <span class='ocrx_word' id='word_1_202' title='bbox 1206 4977 1241 5042; x_wconf 89' lang='lat' dir='ltr'>in</span> <span class='ocrx_word' id='word_1_203' title='bbox 1276 4976 1431 5043; x_wconf 90' lang='lat' dir='ltr'>editione</span> <span class='ocrx_word' id='word_1_204' title='bbox 1467 4995 1508 5043; x_wconf 87' lang='lat' dir='ltr'>ex</span> <span class='ocrx_word' id='word_1_205' title='bbox 1542 4977 1582 5042; x_wconf 88' lang='lat' dir='ltr'>R.</span> <span class='ocrx_word' id='word_1_206' title='bbox 1617 4976 1710 5041; x_wconf 90' lang='lat' dir='ltr'>Mer-</span> 
     </span>
    </p>
   </div>
   <div class='ocr_carea' id='block_1_11' title="bbox 0 0 2110 6184">
    <p class='ocr_par' dir='ltr' id='par_1_12' title="bbox 0 0 2110 6184">
     <span class='ocr_line' id='line_1_32' title="bbox 0 0 2110 6184; baseline 0 5"><span class='ocrx_word' id='word_1_207' title='bbox 0 0 2110 6184; x_wconf 95' lang='lat' dir='ltr'> </span> 
     </span>
    </p>
   </div>
  </div>
 </body>
</html>
