4209 6184
966 890 1125 950 -04-

613 1076 788 1164 Curaque,
824 1083 858 1145 et
894 1077 931 1143 in
967 1094 1099 1162 magno
1129 1076 1191 1163 qui
1225 1076 1264 1146 fit
1295 1095 1418 1145 amore
1453 1077 1568 1145 dolor.

1298 1204 1486 1282 ι111111,
1515 1202 1591 1272 736.

570 1362 668 1443 Quod
689 1363 789 1449 juvat
812 1363 1005 1448 exiguum3
1039 1363 1120 1448 plns
1147 1369 1200 1431 est
1220 1364 1316 1448 quod
1334 1362 1449 1433 laedat
1474 1368 1655 1432 amantes.

569 1612 685 1680 Litore
716 1619 803 1697 quot
834 1614 1003 1687 conchae,
1034 1617 1085 1680 tot
1117 1619 1203 1679 sunt
1234 1612 1271 1679 in
1301 1631 1423 1680 amore
1460 1612 1615 1681 dolores.

1182 1745 1231 1804 *1.
1257 1746 1336 1826 11111.Ι
1358 1736 1399 1812 ΙΙ,
1426 1739 1490 1806 515
1515 1756 1594 1824 sqq.

503 1898 667 1967 Ceterum
695 1917 755 1965 eae
779 1897 989 1977 sententiae,
1023 1898 1107 1983 quia
1134 1899 1332 1982 generatim
1359 1903 1466 1983 atque
1492 1897 1665 1965 universe

437 2026 704 2111 exprimuntur,
722 2108 725 2137 Ι
742 2024 944 2108 frigidiores
980 2029 1078 2091 sunt.
1126 2025 1262 2105 Quibus
1291 2026 1319 2091 si
1347 2025 1544 2093 contuleris
1570 2042 1664 2110 quae

438 2151 562 2217 eadem
593 2149 637 2216 de
669 2168 707 2215 re
737 2149 899 2215 Tibullus
931 2148 989 2235 (ci.
1021 2149 1059 2214 in
1086 2150 1214 2235 primis
1235 2148 1344 2236 ll,1v)
1369 2155 1431 2218 aut
1458 2147 1665 2234 Propertius

437 2281 499 2342 aut
533 2274 693 2341 Catullus
727 2273 962 2357 scripserunt,
996 2291 1056 2340 eas
1087 2274 1183 2340 haud
1217 2275 1321 2359 longe
1349 2274 1462 2342 aberit
1490 2280 1527 2341 ut
1560 2274 1663 2359 parvi

437 2399 616 2466 aestimes.

503 2523 677 2608 Propertii
714 2540 829 2589 unum
861 2528 1015 2603 tantum,
1052 2541 1097 2589 ne
1132 2522 1273 2608 longior
1305 2524 1388 2596 sim,
1415 2524 1458 2590 de
1492 2523 1569 2590 viro
1600 2522 1664 2608 qui

437 2667 541 2717 caeco
566 2649 699 2714 amoris
725 2647 874 2714 vulnere
900 2647 1002 2732 perit,
1029 2647 1280 2715 admirabilem
1306 2668 1453 2716 versum
1478 2649 1625 2715 alieram
1655 2667 1663 2715 :

570 2811 752 2888 Ambulat,
787 2813 820 2876 et
845 2809 964 2875 subito
995 2811 1175 2878 mirantur
1207 2810 1318 2878 iunns
1352 2810 1472 2878 amici.

1242 2936 1347 3022 Prop.
1378 2936 1420 3015 11,
1453 2955 1500 3015 iv,
1537 2935 1592 3003 23.

504 3095 599 3163 Nulli
628 3099 748 3163 autem
782 3095 818 3160 in
852 3113 892 3161 ea
919 3113 957 3162 re
988 3094 1148 3162 Catullus
1170 3097 1437 3181 comparandus
1461 3102 1526 3177 est,
1559 3097 1666 3183 cuius

438 3223 468 3289 si
501 3221 699 3299 nonnullis
736 3220 859 3287 dolore
893 3220 1127 3305 plenissimis,
1166 3221 1331 3288 versibus
1361 3221 1455 3290 banc
1492 3222 1667 3289 disserta-

438 3347 572 3415 tionem
615 3345 855 3423 illustravere,
900 3362 1004 3429 spero
1050 3344 1126 3410 iore
1165 3351 1205 3412 ut
1241 3346 1353 3413 lector
1396 3347 1431 3413 id
1465 3347 1554 3413 mibi
1590 3366 1667 3416 non

437 3470 580 3539 crimini
611 3474 736 3547 vertat,
769 3475 894 3536 contra
923 3468 1013 3534 mibi
1044 3468 1163 3553 potius
1189 3469 1322 3554 gratias
1347 3476 1451 3555 agat:

571 3629 721 3697 Difficile
753 3633 804 3696 est
832 3627 980 3713 longum
1013 3629 1133 3697 subito
1170 3629 1348 3716 deponere
1376 3649 1549 3700 amorem.

615 3755 765 3821 Difficile
793 3762 859 3833 est,
887 3727 1117 3821 verumboc
1149 3773 1220 3840 qua
1248 3756 1346 3824 lubet
1380 3756 1539 3826 efficias:

454 3878 456 3880 ’
572 3881 648 3948 Una
678 3881 776 3946 salus
809 3878 897 3945 baec
921 3885 986 3957 est,
1018 3880 1087 3946 boc
1120 3880 1263 3947 esttibi
1297 3883 1595 3966 pervincendum,

616 4007 687 4073 Hoc
725 4005 846 4082 iacias,
880 4004 957 4071 sivo
987 4005 1022 4071 id
1048 4023 1122 4071 non
1157 4012 1249 4090 pote,
1287 4006 1364 4075 sive
1394 4015 1487 4094 pote.

571 4130 661 4208 Odi,
684 4129 714 4197 si
734 4134 898 4196 vestrum
923 4133 976 4195 est
1002 4127 1176 4210 misereri,
1205 4135 1267 4199 aut
1287 4131 1318 4198 si
1344 4133 1477 4216 quibus
1501 4153 1668 4220 unquam

616 4255 783 4321 Extremo
815 4252 887 4338 jam
919 4253 996 4337 ipsa
1029 4255 1067 4320 in
1099 4261 1215 4324 morte
1246 4256 1379 4325 tulistis
1412 4277 1530 4344 opem,

573 4383 626 4448 Me
665 4379 839 4445 miserum
869 4377 1053 4463 adspicite,
1085 4384 1131 4458 et,
1163 4380 1193 4447 si
1227 4382 1339 4450 vitam
1371 4385 1509 4468 puriter
1540 4385 1609 4471 egi,

616 4506 747 4590 Eripite
777 4503 871 4569 banc
900 4509 1037 4587 pestem
1066 4505 1336 4592 perniciemque
1365 4509 1467 4577 milri.

573 4631 610 4697 Ei
643 4627 733 4695 mihi
767 4626 774 4694 t
814 4627 1013 4712 subrepens
1043 4628 1135 4696 imos
1168 4635 1208 4697 nt
1235 4637 1356 4716 torpor
1388 4632 1425 4700 in
1455 4638 1555 4701 artus

618 4753 761 4839 Expulit
792 4753 963 4819 exomni
993 4760 1136 4838 pectore
1164 4755 1316 4824 laetitias
1350 4756 1357 4824 !

573 4879 650 4947 Non
688 4879 761 4963 jam
798 4875 887 4942 illud
925 4895 1072 4963 quaere,
1108 4885 1233 4948 contra
1271 4888 1309 4949 ut
1345 4901 1404 4950 me
1443 4884 1567 4971 diligat
1591 4883 1668 4963 illa,

614 5005 696 5082 Ant,
733 5002 828 5087 quod
861 5019 933 5068 non
963 5003 1056 5088 potis
1085 5009 1149 5083 est,
1182 5024 1260 5074 esse
1293 5007 1423 5092 pudica
1451 5008 1567 5078 velit:
