4209 6184
970 888 1128 949 ,00-

502 1076 550 1143 De
584 1082 659 1143 arte
683 1094 826 1143 comam
860 1077 1032 1161 tingendi,
1067 1083 1129 1144 aut
1161 1076 1374 1162 capillorum
1405 1077 1536 1141 damna
1567 1092 1657 1159 snp-

436 1199 569 1286 plendi,
612 1201 788 1286 quaedam
833 1200 975 1287 scripsit
1019 1200 1181 1268 Ovidius.
1219 1201 1259 1267 lit
1302 1201 1336 1266 id
1383 1200 1530 1285 quidem
1571 1199 1658 1265 satis

435 1324 570 1392 ironice
598 1324 691 1403 lecit,
719 1331 759 1392 ut
785 1332 838 1394 est
855 1326 932 1411 ejus
963 1327 1166 1410 ingenium·
1190 1326 1327 1393 Etenim
1354 1326 1511 1411 puellam
1535 1324 1658 1391 irridet
1680 1342 1684 1352 ’

435 1450 539 1536 cujus
565 1449 685 1534 capilli
716 1457 862 1536 propter
896 1452 1044 1518 nimiam
1077 1470 1137 1520 eos
1165 1453 1327 1538 tingendi
1357 1469 1483 1519 curam
1514 1450 1656 1517 tandem

436 1576 647 1663 perierunt:

571 1717 738 1785 Dicebam
768 1737 783 1782 0
808 1720 985 1788 medicare
1008 1727 1088 1788 tuos
1116 1721 1249 1789 desiste
1277 1719 1456 1806 capillos!
1487 1740 1503 1783 u

613 1842 762 1930 Tingere
794 1864 905 1929 quam
931 1845 1047 1931 possis
1074 1864 1173 1913 nunc
1197 1845 1259 1913 tibi
1292 1846 1391 1913 nulla
1421 1864 1524 1912 coma
1549 1851 1613 1911 est.

1293 1974 1367 2036 utut.
1401 1970 1426 2049 l,
1457 1989 1529 2043 xrv.
1564 1970 1593 2036 1.

438 2110 517 2177 Jam
542 2111 719 2196 oportebit
741 2111 800 2179 illa
833 2114 951 2180 crines
983 2119 1078 2181 eruat
1106 2133 1125 2180 0
1149 2114 1339 2200 Germania
1366 2113 1496 2179 missos
1525 2131 1531 2177 :

574 2256 676 2322 Nunc
698 2256 760 2322 tibi
785 2257 946 2342 captivos
972 2258 1087 2325 mittet
1113 2257 1302 2324 Germania
1329 2256 1460 2322 crines.

1364 2377 1416 2446 ul.
1432 2377 1517 2445 ibid.
1540 2380 1595 2446 45.

508 2503 578 2571 Nec
601 2505 720 2572 crines
750 2506 881 2582 solum,
915 2507 977 2574 sed
1011 2508 1118 2574 etiam
1155 2508 1287 2574 herbae
1313 2506 1358 2572 ad
1382 2504 1550 2573 canitiem
1580 2503 1664 2570 inlr-

442 2620 607 2695 ciendam
623 2648 643 2695 a
659 2629 848 2697 Germania
863 2632 1099 2718 petebantur:

577 2774 722 2841 Femina
755 2773 922 2841 canitiem
956 2774 1145 2842 Germanis
1173 2774 1287 2842 inficit
1315 2775 1448 2852 herbis

621 2899 660 2966 Et
679 2897 806 2965 melior
821 2917 906 2966 vero
923 2901 1110 2985 quaeritur
1126 2904 1201 2966 arte
1217 2900 1328 2970 color.

1297 3029 1337 3092 ,4.
1357 3029 1431 3091 Aru.
1448 3022 1506 3103 lll,
1524 3022 1598 3099 163.

511 3159 640 3228 Venire
676 3160 797 3222 autern
821 3151 940 3218 crines
974 3151 1108 3219 Rornae
1134 3152 1177 3217 ad
1204 3151 1308 3218 aedes
1336 3148 1502 3216 Herculis
1534 3166 1576 3214 ex
1610 3146 1667 3213 liis

445 3263 611 3353 versibus
629 3280 797 3350 novimus
815 3294 823 3342 :

490 3443 492 3447 ’
579 3425 725 3493 Femina
749 3421 908 3508 procedit
936 3420 1153 3487 densissima
1177 3419 1339 3486 crinibus
1366 3417 1496 3502 emptis

624 3549 764 3632 Proque
795 3546 869 3614 suis
899 3545 989 3611 alios
1019 3543 1129 3612 elficit
1157 3562 1236 3610 aere
1265 3561 1363 3610 suos,

581 3656 651 3724 Nec
683 3655 799 3740 pudor
823 3659 877 3720 est
901 3653 1032 3720 emisse
1059 3672 1067 3730 ;
1094 3653 1213 3738 palam
1243 3651 1366 3717 venire
1394 3650 1560 3716 videmus

627 3781 789 3849 Herculis
809 3785 891 3845 ante
913 3778 1037 3844 oculos
1063 3777 1341 3861 virgineumque
1364 3776 1529 3842 chorum.

1274 3899 1323 3967 nl.
1344 3897 1429 3967 ibid.
1446 3899 1509 3970 165,
1526 3916 1604 3981 sqq.

519 4033 556 4100 Si
591 4033 662 4118 jam
696 4032 739 4098 ad
775 4029 990 4115 capillorum
1026 4028 1183 4094 colorem
1226 4026 1405 4105 venimus
1447 4022 1693 4098 0110011000Ι

452 4159 571 4226 dicere
605 4176 714 4242 quem
755 4154 984 4240 potissimum
1021 4151 1180 4219 colorem
1220 4150 1368 4218 Ovidius
1402 4147 1524 4233 magni
1565 4144 1675 4211 aesti-

455 4283 617 4361 maverit,
644 4298 727 4349 cum
753 4281 873 4347 ‹licatz
1562 4247 1565 4254 ¹

587 4433 743 4501 Candida
775 4451 832 4498 me
860 4431 987 4517 capiet,
1019 4429 1134 4515 capiet
1162 4447 1219 4496 me
1253 4427 1342 4494 flava
1376 4426 1507 4513 puella,

633 4560 692 4626 Est
724 4558 832 4626 etiam
866 4557 903 4623 in
931 4556 1032 4622 iusco
1057 4560 1156 4640 grata
1186 4553 1304 4620 colore
1337 4553 1468 4620 Venus,

589 4684 656 4750 Seu
688 4684 844 4768 pendent
873 4681 976 4747 nivea
1005 4679 1096 4764 pulli
1124 4679 1262 4746 cervice
1288 4678 1422 4762 capilli,

636 4808 725 4875 Leda
753 4806 820 4872 luit
854 4805 955 4890 nigra
993 4802 1247 4888 conspicienda
1277 4819 1392 4869 conta.

591 4933 660 4999 Seu
689 4932 832 5004 tlarent,
861 4930 995 5017 placuit
1019 4929 1154 4996 croceis
1182 4928 1321 4994 Aurora
1349 4925 1502 5011 capillis.

1221 5031 1292 5120 latr.
1320 5052 1361 5128 ll,
1389 5069 1437 5129 rv,
1464 5049 1506 5115 39
1531 5065 1597 5134 sqq
