4209 6184
972 868 1131 928 ..pp-

566 1058 715 1125 Brachia
753 1059 928 1136 saltantis,
963 1076 1087 1125 vocem
1120 1057 1252 1123 mirare
1285 1057 1460 1124 canentis.

1281 1193 1318 1256 l.
1346 1193 1420 1254 ain.
1448 1187 1489 1265 n,
1516 1169 1592 1255 aon.

568 1318 747 1384 Enervant
781 1319 921 1384 animos
950 1317 1111 1384 citharae
1139 1317 1302 1399 lotosque
1333 1316 1515 1400 lyraeque,

613 1443 652 1509 Et
685 1461 754 1510 vox
782 1450 815 1511 et
845 1442 1008 1509 numeris
1033 1442 1198 1509 bracchia
1231 1448 1327 1507 mota
1361 1441 1449 1507 suis.

1291 1569 1379 1632 Rern„
1413 1569 1486 1632 lim.
1518 1553 1591 1633 763.

502 1693 572 1762 Nec
604 1694 767 1763 saltando
798 1701 953 1772 tantum,
986 1695 1048 1761 sed
1088 1693 1196 1761 etiam
1232 1691 1370 1758 edendo
1407 1697 1530 1776 gestus
1557 1691 1664 1758 decor

436 1818 665 1902 quaerendus
697 1827 750 1886 est
781 1837 789 1886 :

515 2020 519 2028 .
571 1961 681 2048 Carpe
712 1963 810 2031 cibos
836 1962 979 2047 digitis;
1010 1967 1063 2028 est
1101 1959 1272 2058 quiddam
1300 1964 1422 2046 gestus
1455 1960 1594 2037 edendi,

616 2086 682 2152 Ora
709 2105 774 2155 nec
802 2088 990 2153 immunda
1025 2092 1097 2154 tota
1123 2103 1311 2172 perungue
1340 2103 1464 2151 manu.

1267 2208 1306 2276 l.
1333 2219 1408 2279 altit.
1434 2211 1491 2288 lll,
1520 2210 1596 2278 755.

505 2351 615 2419 Nemo
653 2350 799 2437 quidem
832 2370 916 2419 cum
943 2351 1069 2419 Ovidio
1107 2371 1179 2419 non
1213 2354 1417 2421 consentire
1449 2352 1547 2429 velit,
1581 2370 1666 2419 cum

440 2478 599 2562 prolecto
629 2483 1009 2564 nauseamprovooet
1042 2478 1290 2562 spectaculum
1327 2479 1523 2545 mulierum
1557 2478 1667 2544 nimis
1733 2571 1735 2575 .

440 2603 662 2689 ineleganter
697 2602 976 2670 comedentium.

507 2727 666 2812 Denique
704 2728 847 2795 silentio
886 2729 1170 2813 praetermittere
1209 2731 1321 2796 nolim
1365 2749 1476 2816 quam
1510 2729 1668 2815 jucunde

440 2859 543 2938 poeta
570 2852 728 2919 hahilem
758 2853 898 2938 puellae
928 2859 1073 2938 gestum
1100 2855 1289 2931 notaverit,
1320 2874 1424 2940 qnae,
1454 2854 1667 2941 priusquam

440 2976 590 3044 tabellas
616 2977 744 3061 signet,
771 2995 832 3043 ore
856 2977 980 3043 umido
1001 2978 1127 3044 annuli
1150 2997 1331 3064 gemmam
1357 2981 1481 3063 tangit,
1502 2997 1546 3045 ne
1566 2996 1668 3045 cerae

430 3104 650 3182 vadhaereal3
681 3101 831 3187 lingitur
861 3103 1020 3169 annulus
1047 3102 1235 3187 loquens:

573 3244 670 3311 idem
698 3262 775 3330 ego,
808 3253 847 3313 ut
875 3263 1025 3312 arcanas
1051 3245 1187 3332 possim
1220 3248 1362 3334 signare
1393 3247 1555 3324 tabellas,

619 3369 714 3437 Neve
740 3376 845 3437 tenax
873 3389 992 3437 ceram
1017 3370 1184 3457 siccaque
1205 3391 1349 3458 gemma
1374 3374 1503 3450 tranat,

577 3494 701 3561 Umida
731 3494 909 3562 lormosae
940 3501 1083 3580 tangam
1115 3496 1216 3580 prius
1243 3516 1304 3564 ora
1331 3498 1483 3578 puellae.

1202 3627 1275 3688 Atn.
1304 3621 1344 3699 ll,
1369 3642 1428 3700 xv,
1457 3621 1497 3687 15
1523 3629 1600 3705 sqq.

511 3772 559 3839 De
587 3790 659 3857 quo
685 3778 786 3858 gestu
816 3771 964 3838 Ovidius
991 3772 1188 3856 quicquam
1215 3768 1372 3837 scribere
1400 3764 1558 3850 prolecto
1583 3763 1672 3828 omi-

444 3899 561 3975 sisset,
590 3899 619 3965 si
644 3888 700 3963 vel
728 3897 962 3963 minimarum
986 3915 1121 3968 rernm,
1147 3897 1182 3961 in
1208 3893 1340 3980 quihus
1364 3888 1500 3974 aliquid
1523 3887 1669 3955 lormosi

444 4022 502 4099 sit,
535 4022 742 4106 diligentem
777 4021 1044 4088 observatorem
1080 4039 1157 4088 sese
1191 4037 1263 4085 non
1298 4015 1533 4102 praebuisset.

504 4234 823 4313 Depuellarum
845 4233 972 4297 cultu.
1005 4271 1049 4280 —
1081 4234 1128 4299 De
1166 4231 1369 4316 puellarum
1410 4229 1509 4294 cultu
1560 4227 1670 4292 tacete

446 4362 594 4430 Ovidius
627 4362 677 4429 sic
708 4363 868 4446 loquitur
897 4380 904 4425 :
1595 4336 1601 4350 ’

581 4504 789 4572 Auferimur
821 4505 919 4570 cultu
951 4522 958 4570 :
991 4502 1145 4588 gemmis
1171 4517 1331 4584 auroque
1363 4501 1533 4580 teguntur

625 4629 778 4706 Omnia;
810 4647 892 4713 pars
919 4628 1068 4693 minima
1100 4633 1153 4692 est
1179 4626 1254 4709 ipsa
1285 4622 1404 4708 puella
1427 4621 1497 4688 sui.

893 4742 896 4747 ’
1310 4751 1400 4813 item.
1427 4750 1502 4813 lm.
1529 4745 1605 4811 3432

515 4897 598 4964 lllas
633 4897 730 4964 enim
766 4896 903 4980 puellas
932 4895 1036 4978 cuius
1075 4895 1238 4960 habitum
1274 4910 1345 4958 non
1380 4889 1494 4968 linxit,
1535 4887 1596 4955 sed
1631 4906 1673 4954 ex

449 5021 626 5092 cotidiana
664 5021 912 5090 observatione
952 5018 1164 5106 descripsit,
1201 5016 1421 5084 cultissimas
1455 5031 1533 5081 esse
1562 5012 1668 5079 vidit.
