4209 6184
987 873 1025 881 —
1049 836 1146 897 itl-

580 1027 690 1094 Casus
721 1027 758 1094 in
784 1034 914 1096 eventu
952 1035 1027 1107 est;
1057 1029 1140 1096 licet
1174 1029 1233 1094 lrlc
1265 1027 1451 1113 indulgeat
1478 1027 1589 1105 ausis,

625 1152 822 1220 Consilium
853 1160 972 1220 tarmen
1003 1160 1057 1220 est
1091 1152 1309 1220 abstinuisse
1346 1171 1481 1220 ineurn.

1259 1281 1297 1344 sl.
1327 1281 1401 1344 dm.
1435 1277 1461 1352 Ι,
1494 1278 1558 1346 375
1590 1295 1670 1362 sqq.

513 1421 654 1507 Experti
711 1441 796 1489 sane
839 1422 1009 1499 bominis,
1067 1430 1099 1489 et
1154 1428 1345 1507 postquam
1398 1428 1567 1506 expertus
1617 1427 1672 1487 cst

446 1547 633 1628 prudentis
659 1547 739 1613 lacti
764 1547 969 1613 consilium.

512 1794 569 1858 De
595 1793 701 1858 lena.
740 1833 783 1842 -
808 1796 856 1861 De
887 1797 967 1862 lena
1008 1794 1160 1863 libenter
1191 1802 1359 1874 lacerem,
1399 1813 1483 1862 cum
1521 1812 1669 1861 carmen

444 1920 480 1985 in
505 1939 576 2004 quo
601 1920 660 1985 illa
687 1920 902 1987 describitur
931 1923 1018 1998 (liu.
1046 1923 1072 1995 l,
1101 1920 1178 2006 vm)
1205 1921 1404 1988 rhetoricae
1424 1919 1670 1987 exercitationi

444 2044 672 2110 simillimum
712 2045 769 2111 sit.
807 2045 853 2110 lix
882 2045 1066 2112 amatoriis
1105 2045 1218 2130 poetis
1256 2046 1381 2112 nullus
1410 2044 1482 2111 lere
1514 2051 1567 2111 est
1605 2045 1669 2128 qui

443 2170 563 2236 lenam
608 2169 802 2255 depingere
841 2176 875 2237 et
916 2171 1090 2236 conviciis
1133 2171 1274 2255 insequi
1321 2170 1501 2248 omiserit:
1541 2188 1668 2237 omnes

444 2299 565 2361 aulem
608 2314 687 2361 eam
724 2296 860 2361 eisdem
895 2295 1078 2363 coloribus
1120 2295 1334 2380 pinxerunt,
1380 2295 1515 2362 scilicet
1561 2293 1668 2360 annis

442 2418 614 2494 obsitam,
660 2421 744 2485 viuo
783 2420 959 2496 deditam,
999 2428 1033 2487 et
1072 2421 1355 2506 rapacissimam.
1396 2421 1487 2486 Talis
1524 2438 1668 2504 quoque

443 2550 558 2610 exstat
589 2545 683 2628 apud
709 2543 875 2611 Ovidium
925 2546 1051 2630 Dipsas
1098 2565 1203 2623 anus,
1245 2565 1337 2631 quae
1379 2550 1479 2612 sueta
1516 2543 1666 2611 consilia

442 2668 583 2751 puellae
619 2669 655 2735 in
697 2688 802 2736 aures
840 2670 982 2754 copiose
1022 2669 1191 2752 inlumlit
1233 2671 1336 2737 Nolui
1381 2677 1501 2736 tamen
1545 2667 1589 2735 de
1627 2687 1667 2734 ea

443 2793 532 2859 nibil
553 2795 702 2861 omnino
722 2795 853 2873 dicere,
875 2797 957 2880 quia
980 2796 1128 2862 Ovidius
1151 2797 1252 2863 lenae
1269 2795 1429 2863 sermoni
1449 2813 1487 2861 se
1509 2795 1668 2861 adluisse

440 2918 628 2986 allirmat:
1453 2935 1456 2946 '

575 3062 659 3128 Fors
689 3081 747 3128 ine
774 3064 932 3130 sermoni
966 3071 1092 3131 testem
1126 3065 1241 3144 dedil;
1277 3064 1337 3131 illa
1364 3064 1533 3131 monebat

619 3186 712 3253 Talia
745 3185 817 3272 (me
842 3188 1004 3274 duplices
1033 3189 1225 3257 occuluere
1250 3190 1372 3274 iores).

1270 3323 1344 3382 Aur.
1380 3316 1405 3393 l,
1438 3333 1511 3390 vm,
1540 3315 1595 3380 al.

506 3457 604 3535 Quod
633 3457 782 3524 lorsitau
808 3477 934 3525 verum
964 3460 1021 3538 sit,
1050 3478 1261 3548 quanquam
1290 3461 1358 3526 hoc
1384 3458 1567 3525 allirmare
1591 3475 1664 3523 non

439 3582 569 3649 ausim.
601 3581 637 3647 Si
666 3582 817 3650 artificio
844 3583 987 3650 dicendi
1023 3590 1164 3673 tantum
1192 3604 1280 3651 usus
1310 3590 1375 3660 est,
1407 3582 1557 3650 artilicio
1594 3580 1662 3647 sal-

438 3711 509 3774 tem
538 3725 612 3773 rem
646 3724 877 3774 communem
908 3715 942 3775 et
970 3709 1093 3775 tritam
1121 3709 1331 3776 vividiorem
1361 3709 1509 3775 reddere
1536 3707 1659 3774 valuit.

506 3935 562 3999 De
585 3935 723 4013 puella
745 3936 863 4001 extra
887 3938 1050 4001 domum
1075 3952 1204 4004 suam.
1228 3978 1270 3986 -
1285 3939 1424 4006 l’uellas
1450 3940 1517 4006 sub
1551 3939 1664 4024 porti-

437 4061 539 4128 cibus
567 4062 852 4141 deambulantes,
891 4071 952 4130 aut
995 4065 1030 4129 in
1072 4065 1219 4131 theatris
1262 4064 1439 4143 sedentes,
1477 4070 1538 4130 aut
1572 4062 1663 4131 Circi

377 4177 380 4184 ’
437 4187 541 4254 ludos
572 4194 775 4272 spectantes
804 4187 950 4255 Ovidius
985 4189 1190 4255 observavit
1218 4194 1253 4255 et
1281 4188 1483 4272 descripsit.

504 4311 595 4378 Sunt
625 4332 716 4396 quae
745 4313 946 4398 spatientur
982 4314 1019 4379 in
1046 4314 1185 4399 porticu
1215 4332 1307 4406 quae
1336 4321 1389 4380 est
1417 4313 1462 4379 ad
1483 4301 1662 4398 Apollinis

438 4434 589 4511 Palatini
629 4439 829 4523 templum,
877 4439 937 4504 ubi
978 4439 1178 4506 Danaidum
1224 4438 1417 4504 simulacra
1466 4437 1663 4505 constituta
1772 4451 1774 4456 ·

438 4566 522 4627 sunl
551 4579 558 4626 :

567 4704 738 4772 Hesterna
764 4706 835 4772 vidi
861 4707 1079 4791 spatiantem
1106 4706 1187 4773 luce
1218 4693 1391 4792 puellam

614 4837 677 4903 llla
706 4859 796 4923 quae
824 4839 933 4905 Danai
954 4841 1113 4925 porticus
1143 4859 1274 4926 agmen
1296 4838 1415 4905 habet.

1351 4969 1424 5030 Am.
1441 4965 1482 5043 ll,
1498 4983 1534 5042 11,
1561 4964 1594 5030 3.
