4209 6184
987 864 1125 905 -Ι-

440 1047 532 1115 quae
569 1031 645 1125 jam
695 1039 863 1116 expertus
907 1037 983 1101 erat
1030 1035 1169 1101 sincere
1211 1042 1244 1102 et
1289 1036 1444 1103 dilucide
1497 1037 1661 1106 versibus

440 1129 628 1242 expressit.

504 1296 677 1365 Heroides.
716 1336 762 1347 -
802 1301 842 1366 ln
884 1298 1087 1367 llcrot'rlllrux
1138 1321 1209 1369 non
1257 1303 1368 1371 multa
1412 1311 1507 1371 certe
1547 1276 1662 1387 repe’u

443 1431 575 1516 quibus
611 1451 689 1498 mea
730 1433 851 1518 opinio
886 1434 1112 1502 inniteretur.
1156 1435 1251 1515 Quae
1287 1442 1408 1502 tamen
1447 1449 1518 1503 nou
1558 1443 1664 1503 erunt

443 1556 533 1622 mibi
563 1557 816 1643 neglegendae.
844 1557 945 1636 Nam,
973 1559 1000 1624 si
1035 1578 1147 1645 pauca
1173 1561 1305 1627 liabent
1330 1579 1349 1626 e
1381 1561 1454 1628 vita
1484 1565 1518 1627 et
1544 1560 1663 1626 obser-

339 1763 342 1767 *
443 1680 586 1748 vatione
621 1681 763 1768 proprie
803 1701 984 1769 expressa,
1026 1702 1111 1750 cum
1146 1703 1189 1750 ex
1227 1686 1365 1768 graecis
1396 1684 1663 1768 exemplaribus

444 1808 587 1873 assidue
615 1808 765 1876 versatis
805 1809 952 1876 haustae
979 1811 1063 1888 sint,
1106 1811 1143 1876 in
1187 1812 1230 1877 iis
1265 1811 1393 1877 saltem
1424 1809 1661 1875 animadverti

367 1966 371 1972 f
443 1937 559 2015 potest
592 1932 736 1999 lectioni
766 1952 838 2000 non
864 1933 955 1999 nibil
991 1934 1172 2001 addidisse
1204 1934 1586 2010 observationem-ita
1624 1941 1664 2000 ut

443 2074 515 2122 non
554 2056 627 2150 jam
666 2057 703 2123 in
733 2058 795 2124 illo
832 2076 939 2144 opere
973 2059 1143 2126 Heroides
1192 2061 1280 2126 tales
1319 2076 1493 2143 agnoscas
1538 2058 1664 2143 quales

442 2181 560 2266 graeci
592 2189 715 2266 poetae
737 2182 932 2268 pinxerint,
964 2184 1026 2250 sed
1053 2184 1206 2251 leminas
1233 2185 1304 2251 illis
1331 2203 1434 2269 pares
1462 2191 1496 2250 et
1524 2183 1661 2249 similes

443 2324 533 2390 quas
566 2305 714 2375 Ovidius
742 2307 872 2375 cotidie
898 2307 1030 2375 Romae
1061 2309 1182 2376 videre
1211 2311 1342 2376 soleret
1379 2309 1400 2372 ¹.

509 2453 572 2514 Ars
609 2447 798 2516 Amatoria.
840 2489 882 2496 —
930 2455 1042 2517 Artem
1093 2450 1304 2518 amatorium
1354 2451 1443 2516 mibi
1497 2469 1663 2536 magnam

444 2593 566 2642 rerum
601 2576 646 2641 ad
676 2593 796 2642 meum
822 2577 1046 2661 propositum
1076 2577 1336 2661 pertinentium
1363 2577 1504 2660 copiam
1535 2575 1668 2641 allatu-

444 2720 521 2767 ram
553 2718 631 2767 esse
660 2719 701 2768 eo
737 2702 914 2785 suspicari
952 2700 1043 2773 licet.
1092 2703 1187 2787 quod
1231 2701 1321 2768 illud
1362 2719 1465 2786 opus,
1509 2705 1549 2766 ut
1592 2702 1668 2786 ipse

443 2824 591 2892 Ovidius
622 2825 788 2901 affirmat,
822 2845 837 2887 u
878 2844 946 2892 usu
984 2828 1173 2893 moveatur
1207 2848 1221 2889 n
1260 2844 1267 2891 :

622 2967 713 3034 Usus
740 2987 830 3053 opus
855 2976 975 3036 movet
1002 2970 1070 3037 boc
1101 2987 1107 3034 :
1134 2970 1205 3036 vati
1237 2975 1357 3054 parete
1386 2969 1527 3054 perito;
1578 3045 1581 3050 ,

600 3149 603 3154 .
687 3093 777 3159 Vera
806 3111 947 3159 canam.

1311 3188 1350 3247 Α.
1382 3186 1456 3248 dm.
1493 3180 1516 3258 l,
1543 3182 1598 3247 ⁶29.

511 3324 596 3391 Vera
627 3325 734 3410 igitur
769 3327 804 3391 in
830 3324 891 3391 illo
925 3345 1031 3409 opere
1053 3345 1144 3411 quae
1178 3333 1263 3393 sunt
1286 3326 1523 3410 investigabo.
1551 3324 1666 3390 Nimi-

443 3468 525 3525 rum
563 3449 637 3515 illic
679 3455 780 3534 poeta
820 3451 998 3518 contraxit
1035 3450 1212 3536 quidquid
1254 3469 1316 3536 per
1353 3451 1445 3517 vitae
1476 3468 1561 3516 suae
1593 3449 1666 3533 jam

442 3576 577 3659 grande
608 3576 763 3661 spatium
800 3579 888 3653 (erat
923 3577 1025 3652 enim,
1067 3583 1143 3643 tum
1187 3595 1302 3643 unum
1349 3582 1383 3642 et
1427 3575 1665 3659 quadraginta

442 3719 556 3766 annos
588 3698 708 3784 natus)
742 3701 787 3766 de
812 3719 934 3767 amore
969 3706 1003 3766 et
1038 3701 1134 3786 apud
1170 3701 1259 3768 alios
1298 3702 1464 3767 homines
1502 3700 1667 3766 observa-

443 3831 541 3891 verat
574 3825 714 3911 etipse
755 3843 818 3909 per
853 3844 889 3890 se
931 3832 1102 3910 expertus
1142 3833 1229 3893 erat.
1269 3825 1306 3890 ld
1349 3833 1468 3892 antem
1505 3842 1545 3890 eo
1579 3843 1667 3890 acu-

443 3951 530 4015 tiore
563 3949 707 4034 ingenio
746 3949 829 4016 iecit
870 3951 964 4034 qrrod
1004 3951 1081 4033 eJus
1117 3952 1261 4016 animus
1306 3948 1377 4015 non
1411 3950 1481 4034 jani
1515 3949 1663 4033 juvenili

443 4073 632 4140 libidinum
658 4073 784 4140 ardore
815 4074 999 4141 laborabat
1019 4075 1041 4140 ².

509 4213 665 4282 Remedio
696 4213 842 4282 luroris.
885 4255 925 4263 -
965 4216 1037 4283 Hoc
1082 4235 1184 4301 opus,
1228 4216 1324 4300 quod
1360 4215 1436 4282 iteri
1476 4222 1590 4299 potest
1627 4223 1665 4282 ut

486 4446 495 4492 *¹
514 4447 550 4494 Do
565 4460 594 4495 ea
608 4460 637 4494 re
652 4460 735 4507 pauca
751 4449 820 4495 dixit
835 4449 869 4495 M.
884 4448 953 4495 Pieri
969 4462 975 4496 ε
993 4443 1174 4503 Ouuestioues
1189 4443 1226 4491 orl
1242 4443 1270 4491 l’.
1290 4442 1383 4492 ovidii
1395 4442 1515 4492 Nasonis
1530 4441 1665 4504 epistulas·
1762 4448 1765 4454 ·

440 4524 602 4579 Horor'dum,
619 4527 760 4587 Massiliae,
779 4528 847 4577 1895.
863 4527 902 4578 Ci.
918 4529 945 4574 in
960 4528 1057 4588 primis
1071 4539 1097 4586 p.
1113 4524 1197 4591 Ξθ-ῒῖ.Ι

487 4625 496 4653 ²
512 4624 550 4673 Cl.
566 4626 587 4672 Α
600 4625 726 4674 Relebart
742 4640 749 4675 ι
766 4624 814 4672 Dic
828 4619 951 4672 sittltcbe
966 4617 1252 4681 Lelrousousobouuup
1266 4620 1312 4667 dos
1324 4620 1353 4669 P.
1369 4619 1484 4670 Ovidius
1499 4620 1580 4682 Naso,
1594 4623 1665 4670 Post-

438 4707 510 4765 dam,
525 4703 604 4763 18673
627 4717 654 4767 p.
674 4704 722 4753 12:
738 4705 799 4753 Man
811 4705 935 4753 'bedenke
950 4705 1011 4753 dass
1032 4703 1098 4752 Ovid
1114 4717 1163 4752 zur
1177 4704 1233 4750 Zeit
1248 4703 1297 4750 der
1309 4703 1478 4764 liorausgabe
1498 4703 1544 4749 des
1562 4702 1665 4750 Liobes·

438 4786 522 4833 kunst
535 4786 563 4832 in
578 4785 606 4832 tt
624 4784 787 4846 Lebensjabr
799 4786 887 4844 stand,
902 4786 956 4834 und
972 4785 1021 4832 mit
1042 4785 1131 4832 sciner
1147 4785 1249 4831 dritten
1264 4783 1333 4830 Fran
1352 4783 1395 4829 dic
1412 4782 1590 4844 gluclrlicbstc
1611 4784 1664 4830 Ebc

437 4865 530 4913 lirhrtc
545 4881 551 4924 ;
568 4866 656 4926 laingst
671 4879 729 4914 war
746 4879 775 4913 er
789 4878 838 4914 aus
858 4866 907 4913 dor
921 4864 1108 4926 personlicbon
1124 4863 1276 4924 Bezicbung
1288 4878 1319 4911 zu
1335 4864 1386 4910 den
1402 4864 1428 4910 in
1448 4863 1549 4910 diesem
1565 4863 1665 4910 Wnrlrc

437 4944 634 5003 peschildertcn
657 4944 767 4992 lireisen
791 4947 923 5006 getrotem
949 4945 1002 4991 und
1024 4944 1092 4990 biclt
1115 4945 1156 4990 bei
1174 4944 1263 4990 seiner
1282 4944 1376 4991 ttrbcit
1393 4955 1445 4990 nur
1462 4943 1513 4989 den
1532 4942 1663 5000 pustellis-

437 5024 539 5086 punckt
552 5025 598 5072 des
614 5024 756 5072 Konstlers
770 5026 823 5072 und
843 5025 996 5072 Moralistcn
1013 5023 1073 5071 lest.
1734 5007 1740 5020 ’
