4209 6184
969 863 1127 924 ...ssss-

507 1050 564 1113 De
577 1047 780 1131 religione.
808 1091 845 1098 —
875 1052 952 1120 Non
968 1073 1236 1140 supervacuum
1253 1062 1306 1121 est
1327 1053 1451 1140 paucis
1470 1056 1665 1140 explanare

438 1195 529 1264 quae
557 1177 664 1245 tuerit
695 1177 811 1245 Ovidii
835 1179 879 1245 de
914 1179 983 1246 diis
1012 1183 1044 1245 et
1074 1179 1117 1246 de
1147 1179 1296 1246 deorum
1340 1179 1490 1246 numine
1527 1180 1662 1264 opinio,

404 1302 405 1306 ’
437 1295 521 1371 cum
547 1304 582 1370 id
611 1304 648 1370 in
677 1304 862 1371 amatoriis
891 1304 967 1371 suis
998 1304 1222 1371 carminibus
1247 1321 1320 1370 non
1348 1304 1459 1370 semet
1492 1303 1662 1388 attigerit.

437 1426 553 1512 Atque
602 1428 686 1494 inde
735 1446 885 1513 prorsus
930 1428 1065 1511 aliquid
1114 1434 1231 1513 petam
1277 1426 1372 1512 qnod
1412 1428 1455 1493 ad
1501 1446 1662 1495 amorem

437 1559 583 1638 spectet.

505 1677 693 1743 Minimam
736 1676 862 1746 habuit
903 1677 1051 1745 Ovidius
1085 1679 1259 1755 adversus
1290 1676 1376 1744 deos
1410 1678 1663 1746 reverentiam.

439 1801 540 1868 lltos'
570 1801 676 1868 etiam
720 1803 893 1870 exsistere
930 1805 1079 1870 forsitan
1123 1803 1181 1869 vix
1225 1803 1415 1869 crediderit
1447 1821 1529 1870 cum
1572 1818 1666 1886 quae

438 1933 641 2009 sequuntur
679 1926 765 1993 satis
798 1928 933 1995 ironice
968 1927 1061 1995 dicta
1092 1947 1170 1994 esse
1202 1928 1423 1994 videantur:
1569 1898 1572 1905 Ι

572 2066 720 2153 Expedit
748 2089 825 2137 esse
859 2071 956 2143 deos,
987 2078 1033 2145 et,
1059 2078 1096 2137 nt
1130 2069 1283 2155 expedit,
1326 2089 1404 2136 esse
1436 2076 1617 2155 putemus,

617 2191 752 2261 Dentur
789 2196 824 2259 in
857 2197 1024 2280 antiquos
1052 2202 1132 2262 tura
1169 2213 1384 2280 merumque
1419 2195 1530 2262 iocos.

572 2315 641 2383 Nec
666 2335 789 2385 secura
827 2319 929 2404 quies
966 2319 1047 2386 iilos
1074 2319 1276 2403 similisque
1308 2319 1426 2403 sopori

617 2440 767 2509 Detinet.
805 2442 962 2510 Innocua
993 2425 1103 2510 vivite
1134 2461 1141 2509 :
1179 2459 1314 2509 numen
1350 2441 1463 2508 adest.

1272 2575 1309 2631 n.
1338 2575 1410 2630 Am.
1438 2565 1463 2641 l,
1494 2566 1557 2633 637
1584 2583 1664 2649 sqq.

505 2676 622 2790 Atpue
655 2708 705 2774 illi
748 2728 876 2777 versus
911 2729 984 2776 non
1026 2717 1112 2776 sunt
1148 2709 1368 2776 lascivientis
1409 2707 1665 2784 adulescentis

440 2828 542 2895 seda
577 2836 676 2915 poeta
703 2839 817 2899 aetate
854 2834 926 2918 jam
966 2835 1052 2900 satis
1085 2839 1254 2918 provecto
1297 2833 1333 2898 in
1376 2837 1453 2897 Arte
1487 2829 1667 2897 Amatoria

440 2955 572 3039 scripta
607 2963 705 3023 sunt.

507 3079 683 3153 Ceterum,
719 3088 756 3147 ut
789 3083 859 3148 sint
897 3083 958 3158 dii,
993 3082 1037 3148 de
1074 3083 1125 3149 eis
1165 3083 1325 3167 loquitur
1366 3087 1404 3149 ut
1440 3081 1501 3166 qui
1539 3099 1668 3147 eorum

440 3205 531 3270 iram
565 3224 693 3289 parum
725 3206 945 3273 reformidet.
989 3208 1055 3273 Eos
1092 3212 1216 3273 contra
1259 3206 1375 3292 lepide
1420 3204 1555 3281 irridet,
1599 3222 1669 3271 nec

439 3328 539 3396 Jovis
565 3330 679 3415 ipsius
700 3330 838 3397 tulmen
871 3349 1090 3417 magnopere
1126 3339 1228 3398 curat
1257 3351 1262 3397 :

472 3499 476 3505 ⁴
572 3473 748 3558 iuppiter,
780 3473 956 3558 ignoscas,
990 3476 1039 3540 nit
1075 3494 1132 3541 me
1171 3483 1231 3541 tua
1260 3474 1326 3541 teta
1360 3472 1544 3559 juvabant.

620 3597 745 3664 Clausa
773 3605 835 3663 tuo
871 3599 988 3683 majus
1023 3598 1130 3682 janua
1165 3598 1303 3663 tulmen
1339 3597 1457 3663 hahet.
1710 3613 1727 3649 ο

1322 3717 1393 3771 itta.
1431 3704 1472 3782 n,
1507 3721 1529 3780 1,
1568 3703 1637 3767 ta·

506 3849 631 3915 Jovcm
674 3849 793 3933 ipsum
832 3849 1181 3932 Jocoseinsimutat
1230 3848 1325 3930 quod
1373 3848 1503 3913 tatsum
1546 3845 1671 3930 jurare

442 4009 547 4075 saepe
575 4009 645 4057 non
684 3990 914 4064 dubitaverit,
949 3997 988 4057 ut.
1024 3989 1160 4056 Junoni
1204 3988 1306 4055 uxori
1346 3988 1479 4055 infidus
1515 3989 1672 4053 maritus

442 4098 549 4164 verba
589 4097 701 4163 daret.

574 4242 739 4326 .tuppiter
770 4260 812 4307 ex
840 4243 911 4308 atto
938 4241 1095 4326 perjuria
1126 4240 1215 4306 ridet
1247 4244 1433 4305 amantum

621 4367 658 4433 Et
690 4366 790 4451 jubet
816 4367 957 4432 Aeolios
989 4367 1088 4432 irrita
1121 4367 1212 4432 terre
1246 4364 1371 4431 Notos.

577 4492 642 4557 Per
670 4493 776 4576 Styga
803 4492 937 4557 Junoni
964 4490 1094 4556 iatsum
1127 4490 1246 4574 jurare
1278 4488 1413 4555 solebat

621 4616 785 4701 ‚Iuppiter
821 4634 827 4681 :
865 4615 1029 4699 exempto
1062 4632 1159 4680 nunc
1191 4613 1283 4678 favet
1315 4612 1374 4676 ille
1412 4628 1490 4677 sua.
1689 4681 1691 4684 Α

636 4728 638 4730 ’
1219 4746 1256 4801 t.
1288 4734 1418 4811 Atul,
1451 4733 1516 4801 633
1545 4752 1625 4818 sqtp

512 4886 600 4952 Deos
644 4889 830 4949 amantum
878 4881 1033 4966 periuria
1083 4880 1200 4945 ridere
1244 4896 1307 4963 pro
1357 4876 1544 4943 communi
1594 4876 1675 4943 toco

446 5011 579 5077 habent
609 5027 735 5076 omnes
763 5007 926 5073 amatorii
964 5011 1104 5093 poetae.
1140 5004 1226 5071 Inde
1260 5010 1380 5070 tamen
1406 5002 1570 5090 seqnitur
1605 5001 1677 5066 ali-
