4209 6184
973 852 1132 910 -at-

441 1043 540 1103 sunt.
569 1038 735 1103 Attamen
760 1038 810 1103 eis
835 1038 928 1102 inest
955 1037 1092 1121 aliquid
1113 1036 1341 1115 ovidianum,
1368 1037 1463 1122 quod
1489 1036 1594 1120 quale
1620 1036 1666 1102 sit

440 1161 558 1228 dicere
590 1161 633 1226 ad
677 1160 785 1245 bujus
823 1162 1085 1228 dissertationis
1130 1162 1355 1246 propositum
1397 1157 1664 1245 assequendum

440 1286 639 1370 plurimum
660 1284 801 1351 valebit.

507 1409 688 1487 Heroides
720 1410 854 1478 scilicet
886 1411 1073 1496 Penelope,
1114 1410 1263 1495 Phyllis.
1305 1411 1446 1488 Briseis,
1492 1411 1678 1486 Pbaedra,

439 1531 593 1609 Oenone,
632 1532 827 1618 Hypsipile,
870 1534 970 1612 Dido,
1014 1534 1220 1612 Hermione,
1266 1535 1443 1618 Deianira,
1492 1537 1663 1614 Ariadne,

439 1656 586 1733 Canace,
622 1656 753 1734 Medea,
796 1658 997 1736 Laodamia,
1031 1659 1312 1744 Hypermnestra
1343 1659 1396 1744 (ut
1425 1679 1484 1726 eas
1522 1667 1663 1728 tantum

439 1798 647 1847 enumerem
684 1800 838 1866 quarum
871 1782 1044 1867 epistulas
1076 1784 1120 1848 ab
1151 1783 1277 1848 Ouidio
1322 1785 1554 1869 conscriptas·
1585 1803 1664 1852 esse

438 1911 535 1973 certo
572 1904 738 1991 constat),
783 1907 881 1972 omni
922 1907 1147 1991 antiquitatis
1195 1908 1326 1984 colore,
1367 1915 1405 1976 ut
1445 1909 1491 1975 ita
1530 1910 1661 1988 dicam,

438 2029 610 2115 deposito,
640 2049 657 2094 a
693 2037 795 2115 poeta
832 2031 928 2096 baud
962 2031 1065 2098 aliter
1091 2031 1337 2117 depinguntur
1365 2051 1406 2099 ac
1443 2033 1582 2118 puellae
1619 2035 1664 2101 de

439 2155 571 2239 quibus
588 2174 696 2239 supra
717 2156 825 2222 verba
846 2155 1009 2222 lecimus.
1032 2156 1170 2221 Etenim
1187 2162 1221 2222 et
1239 2156 1398 2222 sentiunt
1414 2164 1449 2224 et
1464 2157 1664 2243 loquuntur

439 2280 540 2363 quasi
578 2280 720 2358 Romae,
765 2278 860 2345 cirea
898 2279 1053 2363 Augusti
1095 2280 1350 2365 principatum,
1385 2288 1488 2348 natae
1512 2265 1662 2350 essent.

439 2403 573 2488 Nempe
591 2404 814 2488 antiquitatis
836 2404 1020 2471 fabulosae
1042 2422 1173 2482 mores
1189 2403 1314 2488 quales
1330 2405 1470 2474 inerant
1487 2427 1506 2473 a
1526 2409 1664 2493 graecis

439 2515 552 2622 poetis
583 2537 726 2622 depicti,
752 2556 832 2605 -uon
872 2539 989 2606 solum
1027 2557 1100 2606 non
1132 2539 1307 2606 intellexit
1341 2536 1501 2610 Ovidius,
1534 2551 1663 2600 verum
1769 2613 1771 2616 Ι

438 2662 545 2727 etiam
586 2662 791 2748 intellegere
828 2663 977 2730 omnino
1012 2663 1140 2730 noluit.
1177 2664 1320 2730 Anseris
1355 2668 1496 2730 tantum
1535 2658 1665 2724 claris-

438 2784 529 2850 sima
572 2786 734 2870 exempla
783 2804 825 2852 ex
871 2787 931 2852 illa
979 2786 1192 2869 antiquitate
1239 2788 1453 2871 quaesivit;
1491 2790 1536 2861 et,
1577 2803 1663 2851 cum

345 2938 349 2946 ·
439 2928 652 2995 persuasum
705 2910 853 2976 baberet
907 2928 1068 2976 amorem
1127 2911 1298 2978 omnibus
1348 2909 1579 2986 bominibuS,
1628 2914 1684 2974 et·

438 3034 607 3100 omnibus
657 3035 879 3119 temporibus
935 3035 1102 3102 eumdem
1150 3015 1245 3111 esse,
1294 3035 1375 3102 lecit
1415 3040 1453 3101 ut
1494 3032 1663 3101 Heroides

438 3158 481 3223 ad
513 3158 749 3225 imitationem
786 3159 989 3243 puellarum
1020 3160 1225 3245 Augusteae
1256 3162 1380 3227 aetatis
1415 3163 1589 3225 amarent.
1624 3157 1663 3222 ld

437 3300 525 3348 sane
556 3283 661 3366 longe
703 3284 803 3350 abest
845 3290 885 3351 ut
918 3284 949 3350 ei
977 3284 1121 3349 crimini
1166 3292 1314 3363 vertam,
1350 3303 1434 3352 cum
1474 3283 1664 3350 Rapinium

438 3409 602 3469 nostrum
632 3405 669 3470 in
695 3404 771 3470 suis
796 3404 987 3488 tragoediis
1021 3404 1116 3471 baud
1146 3405 1247 3471 aliter
1272 3405 1398 3471 iecisse
1430 3405 1663 3473 manifestum

437 3530 495 3595 sit.

506 3652 678 3738 Equidem
717 3655 829 3720 fateor
873 3671 930 3718 me
974 3653 1117 3719 Homeri
1153 3654 1353 3738 Penelopen
1397 3661 1431 3720 et
1475 3655 1663 3740 Sophoclis

438 3777 653 3862 Deianiram,
685 3784 723 3845 ut
751 3776 926 3861 exemplis
957 3784 1046 3852 utar,
1076 3778 1190 3844 multo
1219 3778 1333 3863 magis
1358 3778 1525 3845 admirari
1552 3800 1663 3865 quam

439 3903 554 3970 Ovidii
584 3903 785 3989 Penelopen
815 3907 848 3969 et
873 3902 1090 3987 Deianiram,
1121 3905 1204 3988 quia
1234 3903 1369 3988 aliquid
1403 3906 1518 3973 multo
1545 3906 1663 3990 majus

439 4034 472 4095 et
505 4029 712 4095 sublimius*
732 4045 817 4113 prae
851 4044 889 4092 se
921 4027 1052 4094 lerunt.
1079 4027 1146 4094 Sed
1179 4028 1208 4095 si
1240 4047 1365 4094 earum
1401 4029 1661 4097 sublimitatem

438 4152 586 4219 Ovidius
614 4153 722 4219 nirnis
748 4152 957 4228 attenuavit,
991 4153 1020 4218 si
1047 4171 1107 4218 eas
1130 4153 1324 4237 aliquando
1357 4153 1464 4219 etiam
1492 4153 1662 4224 ridiculas

438 4276 587 4356 effinxit,
614 4282 688 4343 arte
712 4276 826 4360 magis
854 4294 963 4359 quam
986 4276 1138 4343 consilio
1160 4276 1250 4342 mibi
1277 4277 1418 4344 videtur
1442 4280 1659 4363 peccavisse.
1713 4339 1715 4345 .

504 4403 698 4480 Heroidum
736 4399 909 4485 epistulas
947 4419 1029 4466 cum
1068 4400 1249 4475 scriberet,
1284 4401 1480 4468 admodum
1508 4391 1661 4489 ¹juvenis

438 4533 525 4606 erat,
556 4534 589 4596 et
627 4528 713 4595 satis
746 4525 832 4592 artis
864 4525 1052 4610 imperitus
1081 4525 1103 4592 ¹.
1134 4526 1206 4592 Hoc
1238 4544 1329 4610 opus
1358 4525 1466 4593 etiam
1493 4528 1659 4606 novabat,

484 4719 492 4748 ¹
511 4719 535 4768 J.
551 4722 674 4775 Heuwes‚
689 4719 726 4766 De
742 4719 864 4777 ternpore
881 4726 935 4775 qno
952 4715 1046 4764 Ouidii
1059 4718 1182 4773 Amores,
1205 4714 1349 4778 Heroides
1365 4717 1417 4765 Ars
1432 4718 1578 4767 Amatoria
1599 4731 1664 4768 con-

436 4798 543 4860 scripta
558 4803 641 4861 atque
656 4798 731 4847 editu
745 4796 811 4851 siut,
820 4797 950 4856 Munstcr,
962 4796 1032 4855 1883,
1047 4799 1235 4846 demonstrare
1246 4799 1360 4845 conatur
1372 4798 1518 4847 lleroidum
1533 4801 1663 4862 epistulas

437 4879 498 4928 l-Xl
512 4881 546 4928 ab
563 4881 655 4930 Ovidio
676 4882 773 4941 juvene
787 4877 952 4936 conscriptas
969 4889 1028 4925 esse
1043 4883 1078 4939 (p.
1095 4878 1136 4936 42)
1154 4895 1160 4938 ς
1176 4879 1220 4927 cui
1241 4877 1359 4938 opinioni
1379 4877 1497 4928 libenter
1519 4881 1661 4931 assentior.

437 4958 508 5018 Quod
525 4973 589 5009 vero
603 4962 668 5009 dicit
684 4961 718 5007 dc
732 4955 855 5019 epistulis
876 4955 992 5015 Xll-XX,
1010 4956 1112 5006 scilicet
1133 4970 1178 5006 eas
1197 4959 1320 5006 extrema
1338 4955 1424 5004 Ovidii
1445 4961 1534 5008 aetate
1548 4962 1663 5024 scriptas

437 5052 495 5088 esse
507 5041 513 5100 t
517 5054 542 5102 p.
556 5042 605 5102 57),
625 5041 713 5089 adhuc
725 5039 775 5086 sub
788 5036 874 5097 judice
884 5037 1005 5096 quaestio
1020 5038 1069 5084 est.
