<?xml version="1.0" encoding="UTF-8"?>
<!DOCTYPE html PUBLIC "-//W3C//DTD XHTML 1.0 Transitional//EN"
    "http://www.w3.org/TR/xhtml1/DTD/xhtml1-transitional.dtd">
<html xmlns="http://www.w3.org/1999/xhtml" xml:lang="en" lang="en">
 <head>
  <title>
</title>
<meta http-equiv="Content-Type" content="text/html;charset=utf-8" />
  <meta name='ocr-system' content='tesseract 3.04.00' />
  <meta name='ocr-capabilities' content='ocr_page ocr_carea ocr_par ocr_line ocrx_word'/>
</head>
<body>
  <div class='ocr_page' id='page_1' title='image "./hominesetresquo00dautgoog_0019.png"; bbox 0 0 4209 6184; ppageno 0'>
   <div class='ocr_carea' id='block_1_1' title="bbox 976 883 1134 943">
    <p class='ocr_par' dir='ltr' id='par_1_1' title="bbox 976 883 1134 943">
     <span class='ocr_line' id='line_1_1' title="bbox 976 883 1134 943; baseline -0.013 -1"><span class='ocrx_word' id='word_1_1' title='bbox 976 917 1014 924; x_wconf 92' lang='lat'>—</span> <span class='ocrx_word' id='word_1_2' title='bbox 1037 883 1075 943; x_wconf 72' lang='lat' dir='ltr'>tlt</span> <span class='ocrx_word' id='word_1_3' title='bbox 1096 916 1134 925; x_wconf 92' lang='lat'>—-</span> 
     </span>
    </p>
   </div>
   <div class='ocr_carea' id='block_1_2' title="bbox 437 1069 1662 2815">
    <p class='ocr_par' dir='ltr' id='par_1_2' title="bbox 438 1069 1662 1280">
     <span class='ocr_line' id='line_1_2' title="bbox 438 1069 1662 1150; baseline 0.001 -15"><span class='ocrx_word' id='word_1_4' title='bbox 438 1070 577 1137; x_wconf 88' lang='lat' dir='ltr'>Musam</span> <span class='ocrx_word' id='word_1_5' title='bbox 618 1071 837 1150; x_wconf 71' lang='lat' dir='ltr'>describens</span> <span class='ocrx_word' id='word_1_6' title='bbox 883 1092 961 1138; x_wconf 81' lang='lat' dir='ltr'>eain</span> <span class='ocrx_word' id='word_1_7' title='bbox 1010 1071 1162 1138; x_wconf 88' lang='lat' dir='ltr'>leliciter</span> <span class='ocrx_word' id='word_1_8' title='bbox 1209 1073 1299 1138; x_wconf 84' lang='lat' dir='ltr'>dixit</span> <span class='ocrx_word' id='word_1_9' title='bbox 1343 1069 1476 1137; x_wconf 41' lang='lat' dir='ltr'>o&#39;nltum</span> <span class='ocrx_word' id='word_1_10' title='bbox 1512 1069 1662 1136; x_wconf 73' lang='lat' dir='ltr'>timii-ntis</span> 
     </span>
     <span class='ocr_line' id='line_1_3' title="bbox 439 1193 927 1280; baseline 0.004 -20"><span class='ocrx_word' id='word_1_11' title='bbox 439 1195 580 1262; x_wconf 84' lang='lat' dir='ltr'>habere.</span> <span class='ocrx_word' id='word_1_12' title='bbox 610 1193 697 1280; x_wconf 76' lang='lat' dir='ltr'>(Alit.</span> <span class='ocrx_word' id='word_1_13' title='bbox 731 1195 789 1273; x_wconf 93' lang='grc' dir='ltr'><strong>ΙΙΙ,</strong></span> <span class='ocrx_word' id='word_1_14' title='bbox 821 1216 843 1273; x_wconf 87' lang='lat'>1,</span> <span class='ocrx_word' id='word_1_15' title='bbox 880 1197 927 1280; x_wconf 81' lang='lat' dir='ltr'>t).</span> 
     </span>
    </p>

    <p class='ocr_par' dir='ltr' id='par_1_3' title="bbox 437 1321 1661 1905">
     <span class='ocr_line' id='line_1_4' title="bbox 506 1321 1661 1405; baseline 0.003 -20"><span class='ocrx_word' id='word_1_16' title='bbox 506 1321 664 1403; x_wconf 79' lang='lat' dir='ltr'>Denique</span> <span class='ocrx_word' id='word_1_17' title='bbox 698 1340 742 1386; x_wconf 90' lang='lat' dir='ltr'>ne</span> <span class='ocrx_word' id='word_1_18' title='bbox 767 1321 978 1387; x_wconf 77' lang='lat' dir='ltr'>ontittamus</span> <span class='ocrx_word' id='word_1_19' title='bbox 1009 1341 1135 1387; x_wconf 79' lang='lat' dir='ltr'>versus</span> <span class='ocrx_word' id='word_1_20' title='bbox 1168 1321 1300 1405; x_wconf 71' lang='lat' dir='ltr'>(litibus</span> <span class='ocrx_word' id='word_1_21' title='bbox 1332 1322 1479 1388; x_wconf 85' lang='lat' dir='ltr'>Ovidius</span> <span class='ocrx_word' id='word_1_22' title='bbox 1522 1323 1661 1405; x_wconf 90' lang='lat' dir='ltr'>puellas</span> 
     </span>
     <span class='ocr_line' id='line_1_5' title="bbox 439 1416 1659 1529; baseline 0.002 -20"><span class='ocrx_word' id='word_1_23' title='bbox 439 1447 566 1512; x_wconf 90' lang='lat' dir='ltr'>docere</span> <span class='ocrx_word' id='word_1_24' title='bbox 600 1416 714 1513; x_wconf 85' lang='lat' dir='ltr'>voluit</span> <span class='ocrx_word' id='word_1_25' title='bbox 747 1463 819 1529; x_wconf 83' lang='lat' dir='ltr'>uuo</span> <span class='ocrx_word' id='word_1_26' title='bbox 860 1446 1100 1512; x_wconf 70' lang='lat' dir='ltr'>medicamine</span> <span class='ocrx_word' id='word_1_27' title='bbox 1140 1447 1189 1512; x_wconf 93' lang='lat' dir='ltr'>uti</span> <span class='ocrx_word' id='word_1_28' title='bbox 1223 1446 1394 1512; x_wconf 88' lang='lat' dir='ltr'>deberent</span> <span class='ocrx_word' id='word_1_29' title='bbox 1431 1449 1475 1514; x_wconf 90' lang='lat' dir='ltr'>ad</span> <span class='ocrx_word' id='word_1_30' title='bbox 1520 1448 1659 1516; x_wconf 92' lang='lat' dir='ltr'>vultum</span> 
     </span>
     <span class='ocr_line' id='line_1_6' title="bbox 438 1570 1659 1657; baseline 0.002 -23"><span class='ocrx_word' id='word_1_31' title='bbox 438 1589 545 1636; x_wconf 88' lang='lat' dir='ltr'>suum</span> <span class='ocrx_word' id='word_1_32' title='bbox 574 1571 777 1638; x_wconf 70' lang='lat' dir='ltr'>nitidiorem</span> <span class='ocrx_word' id='word_1_33' title='bbox 804 1576 837 1636; x_wconf 88' lang='lat' dir='ltr'>et</span> <span class='ocrx_word' id='word_1_34' title='bbox 866 1570 1037 1637; x_wconf 88' lang='lat' dir='ltr'>leviorem</span> <span class='ocrx_word' id='word_1_35' title='bbox 1063 1570 1290 1648; x_wconf 86' lang='lat' dir='ltr'>laciendum;</span> <span class='ocrx_word' id='word_1_36' title='bbox 1323 1589 1395 1637; x_wconf 90' lang='lat' dir='ltr'>non</span> <span class='ocrx_word' id='word_1_37' title='bbox 1423 1572 1506 1655; x_wconf 85' lang='lat' dir='ltr'>quia</span> <span class='ocrx_word' id='word_1_38' title='bbox 1539 1573 1659 1657; x_wconf 83' lang='lat' dir='ltr'>magni</span> 
     </span>
     <span class='ocr_line' id='line_1_7' title="bbox 437 1694 1659 1780; baseline 0.001 -21"><span class='ocrx_word' id='word_1_39' title='bbox 437 1695 541 1778; x_wconf 88' lang='lat' dir='ltr'>pretii</span> <span class='ocrx_word' id='word_1_40' title='bbox 578 1701 675 1773; x_wconf 90' lang='lat' dir='ltr'>sunt,</span> <span class='ocrx_word' id='word_1_41' title='bbox 715 1695 777 1762; x_wconf 89' lang='lat' dir='ltr'>sed</span> <span class='ocrx_word' id='word_1_42' title='bbox 813 1696 896 1780; x_wconf 83' lang='lat' dir='ltr'>quia</span> <span class='ocrx_word' id='word_1_43' title='bbox 934 1714 997 1780; x_wconf 91' lang='lat' dir='ltr'>per</span> <span class='ocrx_word' id='word_1_44' title='bbox 1030 1713 1090 1761; x_wconf 89' lang='lat' dir='ltr'>eos</span> <span class='ocrx_word' id='word_1_45' title='bbox 1121 1701 1347 1780; x_wconf 88' lang='lat' dir='ltr'>compertum</span> <span class='ocrx_word' id='word_1_46' title='bbox 1387 1694 1562 1762; x_wconf 84' lang='lat' dir='ltr'>imbernus</span> <span class='ocrx_word' id='word_1_47' title='bbox 1591 1717 1659 1780; x_wconf 83' lang='lat' dir='ltr'>uua</span> 
     </span>
     <span class='ocr_line' id='line_1_8' title="bbox 440 1819 1408 1905; baseline -0.001 -20"><span class='ocrx_word' id='word_1_48' title='bbox 440 1838 526 1885; x_wconf 88' lang='lat' dir='ltr'>cura</span> <span class='ocrx_word' id='word_1_49' title='bbox 561 1826 663 1905; x_wconf 88' lang='lat' dir='ltr'>poeta</span> <span class='ocrx_word' id='word_1_50' title='bbox 692 1821 735 1885; x_wconf 92' lang='lat' dir='ltr'>ad</span> <span class='ocrx_word' id='word_1_51' title='bbox 762 1821 933 1886; x_wconf 89' lang='lat' dir='ltr'>minimas</span> <span class='ocrx_word' id='word_1_52' title='bbox 966 1839 1022 1886; x_wconf 86' lang='lat' dir='ltr'>res</span> <span class='ocrx_word' id='word_1_53' title='bbox 1048 1838 1126 1886; x_wconf 83' lang='lat' dir='ltr'>sese</span> <span class='ocrx_word' id='word_1_54' title='bbox 1151 1819 1408 1904; x_wconf 71' lang='lat' dir='ltr'>applicaverit:</span> 
     </span>
    </p>

    <p class='ocr_par' dir='ltr' id='par_1_4' title="bbox 547 1980 1591 2815">
     <span class='ocr_line' id='line_1_9' title="bbox 574 1980 1499 2065; baseline 0.001 -19"><span class='ocrx_word' id='word_1_55' title='bbox 574 1980 678 2047; x_wconf 85' lang='lat' dir='ltr'>Scitis</span> <span class='ocrx_word' id='word_1_56' title='bbox 709 1987 743 2047; x_wconf 88' lang='lat' dir='ltr'>et</span> <span class='ocrx_word' id='word_1_57' title='bbox 770 1980 915 2048; x_wconf 92' lang='lat' dir='ltr'>inducta</span> <span class='ocrx_word' id='word_1_58' title='bbox 945 1981 1139 2047; x_wconf 89' lang='lat' dir='ltr'>candorem</span> <span class='ocrx_word' id='word_1_59' title='bbox 1169 1998 1342 2065; x_wconf 88' lang='lat' dir='ltr'>quaerere</span> <span class='ocrx_word' id='word_1_60' title='bbox 1367 1987 1499 2047; x_wconf 86' lang='lat' dir='ltr'>oreta..</span> 
     </span>
     <span class='ocr_line' id='line_1_10' title="bbox 615 2105 1539 2191; baseline -0.001 -20"><span class='ocrx_word' id='word_1_61' title='bbox 615 2105 797 2189; x_wconf 75' lang='lat' dir='ltr'>Sanguine</span> <span class='ocrx_word' id='word_1_62' title='bbox 826 2125 917 2191; x_wconf 85' lang='lat' dir='ltr'>quae</span> <span class='ocrx_word' id='word_1_63' title='bbox 949 2123 1032 2173; x_wconf 90' lang='lat' dir='ltr'>vero</span> <span class='ocrx_word' id='word_1_64' title='bbox 1063 2123 1135 2172; x_wconf 93' lang='lat' dir='ltr'>non</span> <span class='ocrx_word' id='word_1_65' title='bbox 1173 2106 1287 2180; x_wconf 87' lang='lat' dir='ltr'>rubet,</span> <span class='ocrx_word' id='word_1_66' title='bbox 1322 2112 1396 2172; x_wconf 91' lang='lat' dir='ltr'>arte</span> <span class='ocrx_word' id='word_1_67' title='bbox 1423 2105 1539 2172; x_wconf 81' lang='lat' dir='ltr'>rubet.</span> 
     </span>
     <span class='ocr_line' id='line_1_11' title="bbox 569 2231 1368 2316; baseline 0.001 -21"><span class='ocrx_word' id='word_1_68' title='bbox 569 2232 653 2296; x_wconf 89' lang='lat' dir='ltr'>Arte</span> <span class='ocrx_word' id='word_1_69' title='bbox 682 2231 866 2316; x_wconf 90' lang='lat' dir='ltr'>supercilii</span> <span class='ocrx_word' id='word_1_70' title='bbox 890 2231 1046 2298; x_wconf 84' lang='lat' dir='ltr'>conlinia</span> <span class='ocrx_word' id='word_1_71' title='bbox 1075 2231 1176 2297; x_wconf 91' lang='lat' dir='ltr'>nuda</span> <span class='ocrx_word' id='word_1_72' title='bbox 1212 2231 1368 2315; x_wconf 69' lang='lat' dir='ltr'>repletis</span> 
     </span>
     <span class='ocr_line' id='line_1_12' title="bbox 614 2356 1400 2440; baseline 0 -19"><span class='ocrx_word' id='word_1_73' title='bbox 614 2356 799 2440; x_wconf 81' lang='lat' dir='ltr'>Parvaque</span> <span class='ocrx_word' id='word_1_74' title='bbox 830 2357 989 2423; x_wconf 88' lang='lat' dir='ltr'>sinceras</span> <span class='ocrx_word' id='word_1_75' title='bbox 1022 2357 1117 2423; x_wconf 90' lang='lat' dir='ltr'>velat</span> <span class='ocrx_word' id='word_1_76' title='bbox 1148 2358 1245 2422; x_wconf 90' lang='lat' dir='ltr'>aluta</span> <span class='ocrx_word' id='word_1_77' title='bbox 1276 2374 1400 2440; x_wconf 79' lang='lat' dir='ltr'>genas,</span> 
     </span>
     <span class='ocr_line' id='line_1_13' title="bbox 571 2470 1481 2566; baseline -0.002 -20"><span class='ocrx_word' id='word_1_78' title='bbox 571 2481 641 2547; x_wconf 90' lang='lat' dir='ltr'>Neo</span> <span class='ocrx_word' id='word_1_79' title='bbox 670 2482 785 2566; x_wconf 82' lang='lat' dir='ltr'>pudor</span> <span class='ocrx_word' id='word_1_80' title='bbox 817 2489 871 2548; x_wconf 87' lang='lat' dir='ltr'>est</span> <span class='ocrx_word' id='word_1_81' title='bbox 899 2482 1022 2548; x_wconf 89' lang='lat' dir='ltr'>oculos</span> <span class='ocrx_word' id='word_1_82' title='bbox 1057 2481 1156 2548; x_wconf 91' lang='lat' dir='ltr'>tenui</span> <span class='ocrx_word' id='word_1_83' title='bbox 1181 2470 1323 2565; x_wconf 83' lang='lat' dir='ltr'>signare</span> <span class='ocrx_word' id='word_1_84' title='bbox 1348 2481 1481 2559; x_wconf 82' lang='lat' dir='ltr'>favilla,</span> 
     </span>
     <span class='ocr_line' id='line_1_14' title="bbox 547 2605 1458 2691; baseline 0 -20"><span class='ocrx_word' id='word_1_85' title='bbox 547 2635 549 2640; x_wconf 96' lang='lat'>·</span> <span class='ocrx_word' id='word_1_86' title='bbox 615 2606 679 2673; x_wconf 90' lang='lat' dir='ltr'>Vel</span> <span class='ocrx_word' id='word_1_87' title='bbox 703 2625 813 2691; x_wconf 84' lang='lat' dir='ltr'>prope</span> <span class='ocrx_word' id='word_1_88' title='bbox 842 2613 875 2673; x_wconf 88' lang='lat' dir='ltr'>te</span> <span class='ocrx_word' id='word_1_89' title='bbox 900 2612 995 2684; x_wconf 88' lang='lat' dir='ltr'>nato,</span> <span class='ocrx_word' id='word_1_90' title='bbox 1029 2605 1147 2673; x_wconf 90' lang='lat' dir='ltr'>lucide</span> <span class='ocrx_word' id='word_1_91' title='bbox 1179 2605 1311 2690; x_wconf 82' lang='lat' dir='ltr'>Cydne,</span> <span class='ocrx_word' id='word_1_92' title='bbox 1341 2623 1458 2674; x_wconf 82' lang='lat' dir='ltr'>croco.</span> 
     </span>
     <span class='ocr_line' id='line_1_15' title="bbox 1162 2730 1591 2815; baseline 0 -20"><span class='ocrx_word' id='word_1_93' title='bbox 1162 2734 1200 2796; x_wconf 81' lang='lat' dir='ltr'>l.</span> <span class='ocrx_word' id='word_1_94' title='bbox 1218 2733 1292 2795; x_wconf 54' lang='lat' dir='ltr'>itan.</span> <span class='ocrx_word' id='word_1_95' title='bbox 1324 2730 1380 2808; x_wconf 86' lang='grc' dir='ltr'><strong>ΙΙΙ,</strong></span> <span class='ocrx_word' id='word_1_96' title='bbox 1416 2730 1489 2808; x_wconf 84' lang='grc'><strong>199,</strong></span> <span class='ocrx_word' id='word_1_97' title='bbox 1513 2749 1591 2815; x_wconf 87' lang='lat' dir='ltr'><strong>sqq.</strong></span> 
     </span>
    </p>
   </div>
   <div class='ocr_carea' id='block_1_3' title="bbox 437 2891 1661 3351">
    <p class='ocr_par' dir='ltr' id='par_1_5' title="bbox 437 2891 1661 3351">
     <span class='ocr_line' id='line_1_16' title="bbox 504 2891 1661 2976; baseline 0.001 -20"><span class='ocrx_word' id='word_1_98' title='bbox 504 2891 568 2957; x_wconf 94' lang='lat' dir='ltr'>llla</span> <span class='ocrx_word' id='word_1_99' title='bbox 603 2899 724 2958; x_wconf 84' lang='lat' dir='ltr'>autern</span> <span class='ocrx_word' id='word_1_100' title='bbox 754 2891 991 2958; x_wconf 77' lang='lat' dir='ltr'>medicamina</span> <span class='ocrx_word' id='word_1_101' title='bbox 1027 2909 1138 2975; x_wconf 86' lang='lat' dir='ltr'>qnam</span> <span class='ocrx_word' id='word_1_102' title='bbox 1169 2891 1287 2976; x_wconf 88' lang='lat' dir='ltr'>turpia</span> <span class='ocrx_word' id='word_1_103' title='bbox 1317 2897 1350 2956; x_wconf 87' lang='lat' dir='ltr'>et</span> <span class='ocrx_word' id='word_1_104' title='bbox 1376 2907 1552 2957; x_wconf 89' lang='lat' dir='ltr'>nauseosa</span> <span class='ocrx_word' id='word_1_105' title='bbox 1582 2909 1661 2958; x_wconf 87' lang='lat' dir='ltr'>esse</span> 
     </span>
     <span class='ocr_line' id='line_1_17' title="bbox 438 3015 1660 3101; baseline 0.001 -19"><span class='ocrx_word' id='word_1_106' title='bbox 438 3016 578 3101; x_wconf 80' lang='lat' dir='ltr'>possint</span> <span class='ocrx_word' id='word_1_107' title='bbox 607 3016 676 3083; x_wconf 91' lang='lat' dir='ltr'>alio</span> <span class='ocrx_word' id='word_1_108' title='bbox 709 3017 786 3082; x_wconf 89' lang='lat' dir='ltr'>loeo</span> <span class='ocrx_word' id='word_1_109' title='bbox 821 3015 936 3082; x_wconf 79' lang='lat' dir='ltr'>vivide</span> <span class='ocrx_word' id='word_1_110' title='bbox 968 3023 1001 3082; x_wconf 89' lang='lat' dir='ltr'>et</span> <span class='ocrx_word' id='word_1_111' title='bbox 1030 3015 1141 3082; x_wconf 88' lang='lat' dir='ltr'>tacete</span> <span class='ocrx_word' id='word_1_112' title='bbox 1169 3015 1394 3082; x_wconf 89' lang='lat' dir='ltr'>monstravit.</span> <span class='ocrx_word' id='word_1_113' title='bbox 1427 3015 1526 3094; x_wconf 85' lang='lat' dir='ltr'>Quod</span> <span class='ocrx_word' id='word_1_114' title='bbox 1559 3016 1596 3082; x_wconf 83' lang='lat' dir='ltr'>tn</span> <span class='ocrx_word' id='word_1_115' title='bbox 1631 3019 1660 3084; x_wconf 90' lang='lat' dir='ltr'>si</span> 
     </span>
     <span class='ocr_line' id='line_1_18' title="bbox 437 3140 1659 3227; baseline 0.002 -21"><span class='ocrx_word' id='word_1_116' title='bbox 437 3147 577 3214; x_wconf 88' lang='lat' dir='ltr'>amator</span> <span class='ocrx_word' id='word_1_117' title='bbox 599 3141 635 3205; x_wconf 90' lang='lat' dir='ltr'>in</span> <span class='ocrx_word' id='word_1_118' title='bbox 658 3142 859 3206; x_wconf 86' lang='lat' dir='ltr'>thalamum</span> <span class='ocrx_word' id='word_1_119' title='bbox 879 3159 922 3207; x_wconf 82' lang='lat' dir='ltr'>ex</span> <span class='ocrx_word' id='word_1_120' title='bbox 943 3140 1140 3225; x_wconf 90' lang='lat' dir='ltr'>improviso</span> <span class='ocrx_word' id='word_1_121' title='bbox 1162 3141 1412 3225; x_wconf 84' lang='lat' dir='ltr'>penetraverit,</span> <span class='ocrx_word' id='word_1_122' title='bbox 1436 3159 1520 3208; x_wconf 87' lang='lat' dir='ltr'>cum</span> <span class='ocrx_word' id='word_1_123' title='bbox 1541 3142 1659 3227; x_wconf 88' lang='lat' dir='ltr'>puella</span> 
     </span>
     <span class='ocr_line' id='line_1_19' title="bbox 437 3264 1612 3351; baseline 0.002 -21"><span class='ocrx_word' id='word_1_124' title='bbox 437 3266 475 3331; x_wconf 89' lang='lat' dir='ltr'>in</span> <span class='ocrx_word' id='word_1_125' title='bbox 508 3264 725 3332; x_wconf 87' lang='lat' dir='ltr'>continendo</span> <span class='ocrx_word' id='word_1_126' title='bbox 752 3284 814 3331; x_wconf 92' lang='lat' dir='ltr'>ora</span> <span class='ocrx_word' id='word_1_127' title='bbox 847 3284 912 3330; x_wconf 86' lang='lat' dir='ltr'>sua</span> <span class='ocrx_word' id='word_1_128' title='bbox 945 3264 1016 3331; x_wconf 92' lang='lat' dir='ltr'>illis</span> <span class='ocrx_word' id='word_1_129' title='bbox 1051 3264 1355 3332; x_wconf 82' lang='lat' dir='ltr'>medicaminibus</span> <span class='ocrx_word' id='word_1_130' title='bbox 1386 3272 1612 3351; x_wconf 87' lang='lat' dir='ltr'>occupatur:</span> 
     </span>
    </p>
   </div>
   <div class='ocr_carea' id='block_1_4' title="bbox 484 3424 1656 4258">
    <p class='ocr_par' dir='ltr' id='par_1_6' title="bbox 484 3424 1656 4258">
     <span class='ocr_line' id='line_1_20' title="bbox 571 3424 1656 3510; baseline 0.002 -20"><span class='ocrx_word' id='word_1_131' title='bbox 571 3424 659 3491; x_wconf 89' lang='lat' dir='ltr'>Tum</span> <span class='ocrx_word' id='word_1_132' title='bbox 690 3443 846 3510; x_wconf 84' lang='lat' dir='ltr'>quoque,</span> <span class='ocrx_word' id='word_1_133' title='bbox 879 3425 1089 3510; x_wconf 84' lang='lat' dir='ltr'>compositis</span> <span class='ocrx_word' id='word_1_134' title='bbox 1114 3443 1199 3491; x_wconf 91' lang='lat' dir='ltr'>cum</span> <span class='ocrx_word' id='word_1_135' title='bbox 1230 3425 1382 3500; x_wconf 80' lang='lat' dir='ltr'>conlinit</span> <span class='ocrx_word' id='word_1_136' title='bbox 1408 3445 1467 3492; x_wconf 92' lang='lat' dir='ltr'>ora</span> <span class='ocrx_word' id='word_1_137' title='bbox 1497 3429 1656 3505; x_wconf 79' lang='lat' dir='ltr'>venenis,</span> 
     </span>
     <span class='ocr_line' id='line_1_21' title="bbox 613 3549 1592 3635; baseline 0.001 -19"><span class='ocrx_word' id='word_1_138' title='bbox 613 3551 667 3616; x_wconf 86' lang='lat' dir='ltr'>Ad</span> <span class='ocrx_word' id='word_1_139' title='bbox 701 3551 868 3617; x_wconf 87' lang='lat' dir='ltr'>dominae</span> <span class='ocrx_word' id='word_1_140' title='bbox 905 3551 1027 3616; x_wconf 93' lang='lat' dir='ltr'>vultus</span> <span class='ocrx_word' id='word_1_141' title='bbox 1062 3553 1142 3630; x_wconf 89' lang='lat' dir='ltr'>(nec</span> <span class='ocrx_word' id='word_1_142' title='bbox 1176 3551 1291 3635; x_wconf 91' lang='lat' dir='ltr'>pudor</span> <span class='ocrx_word' id='word_1_143' title='bbox 1319 3549 1473 3635; x_wconf 80' lang='lat' dir='ltr'>obstettl</span> <span class='ocrx_word' id='word_1_144' title='bbox 1508 3571 1592 3618; x_wconf 88' lang='lat' dir='ltr'>eas:</span> 
     </span>
     <span class='ocr_line' id='line_1_22' title="bbox 484 3675 1443 3759; baseline 0.002 -19"><span class='ocrx_word' id='word_1_145' title='bbox 484 3706 487 3712; x_wconf 90' lang='lat'>·</span> <span class='ocrx_word' id='word_1_146' title='bbox 572 3675 726 3759; x_wconf 81' lang='lat' dir='ltr'>Pyxidas</span> <span class='ocrx_word' id='word_1_147' title='bbox 755 3675 916 3742; x_wconf 89' lang='lat' dir='ltr'>invenies</span> <span class='ocrx_word' id='word_1_148' title='bbox 946 3681 980 3741; x_wconf 89' lang='lat' dir='ltr'>et</span> <span class='ocrx_word' id='word_1_149' title='bbox 1010 3693 1132 3740; x_wconf 86' lang='lat' dir='ltr'>rerum</span> <span class='ocrx_word' id='word_1_150' title='bbox 1165 3675 1264 3741; x_wconf 90' lang='lat' dir='ltr'>mille</span> <span class='ocrx_word' id='word_1_151' title='bbox 1293 3677 1443 3753; x_wconf 83' lang='lat' dir='ltr'>colores,</span> 
     </span>
     <span class='ocr_line' id='line_1_23' title="bbox 615 3798 1457 3883; baseline 0.001 -19"><span class='ocrx_word' id='word_1_152' title='bbox 615 3799 655 3865; x_wconf 87' lang='lat' dir='ltr'>Et</span> <span class='ocrx_word' id='word_1_153' title='bbox 687 3800 799 3866; x_wconf 90' lang='lat' dir='ltr'>fluere</span> <span class='ocrx_word' id='word_1_154' title='bbox 824 3800 861 3865; x_wconf 89' lang='lat' dir='ltr'>in</span> <span class='ocrx_word' id='word_1_155' title='bbox 888 3798 1026 3883; x_wconf 89' lang='lat' dir='ltr'>tepidos</span> <span class='ocrx_word' id='word_1_156' title='bbox 1054 3816 1186 3883; x_wconf 90' lang='lat' dir='ltr'>oesypa</span> <span class='ocrx_word' id='word_1_157' title='bbox 1214 3800 1314 3883; x_wconf 82' lang='lat' dir='ltr'>lapsa</span> <span class='ocrx_word' id='word_1_158' title='bbox 1343 3800 1457 3866; x_wconf 87' lang='lat' dir='ltr'>sinus.</span> 
     </span>
     <span class='ocr_line' id='line_1_24' title="bbox 568 3924 1611 4003; baseline 0.003 -14"><span class='ocrx_word' id='word_1_159' title='bbox 568 3925 632 3991; x_wconf 92' lang='lat' dir='ltr'>llla</span> <span class='ocrx_word' id='word_1_160' title='bbox 662 3933 741 3992; x_wconf 89' lang='lat' dir='ltr'>tuas</span> <span class='ocrx_word' id='word_1_161' title='bbox 771 3924 944 4001; x_wconf 85' lang='lat' dir='ltr'>redolent,</span> <span class='ocrx_word' id='word_1_162' title='bbox 982 3925 1134 4003; x_wconf 87' lang='lat' dir='ltr'>Phineu,</span> <span class='ocrx_word' id='word_1_163' title='bbox 1171 3925 1410 3992; x_wconf 87' lang='lat' dir='ltr'>medicamina</span> <span class='ocrx_word' id='word_1_164' title='bbox 1440 3943 1611 4002; x_wconf 82' lang='lat' dir='ltr'>inensas;</span> 
     </span>
     <span class='ocr_line' id='line_1_25' title="bbox 613 4050 1655 4118; baseline 0 -2"><span class='ocrx_word' id='word_1_165' title='bbox 613 4050 690 4117; x_wconf 90' lang='lat' dir='ltr'>Non</span> <span class='ocrx_word' id='word_1_166' title='bbox 722 4050 834 4118; x_wconf 88' lang='lat' dir='ltr'>semel</span> <span class='ocrx_word' id='word_1_167' title='bbox 866 4051 952 4117; x_wconf 89' lang='lat' dir='ltr'>hine</span> <span class='ocrx_word' id='word_1_168' title='bbox 988 4051 1174 4117; x_wconf 86' lang='lat' dir='ltr'>stomacho</span> <span class='ocrx_word' id='word_1_169' title='bbox 1204 4068 1338 4117; x_wconf 89' lang='lat' dir='ltr'>nausea</span> <span class='ocrx_word' id='word_1_170' title='bbox 1366 4051 1457 4117; x_wconf 87' lang='lat' dir='ltr'>laeta</span> <span class='ocrx_word' id='word_1_171' title='bbox 1486 4069 1565 4117; x_wconf 72' lang='lat' dir='ltr'>uteo</span> <span class='ocrx_word' id='word_1_172' title='bbox 1590 4058 1655 4118; x_wconf 87' lang='lat' dir='ltr'>est.</span> 
     </span>
     <span class='ocr_line' id='line_1_26' title="bbox 1181 4174 1588 4258; baseline 0.002 -19"><span class='ocrx_word' id='word_1_173' title='bbox 1181 4177 1273 4239; x_wconf 81' lang='lat' dir='ltr'>llere.</span> <span class='ocrx_word' id='word_1_174' title='bbox 1295 4179 1371 4240; x_wconf 76' lang='lat' dir='ltr'>Arra.</span> <span class='ocrx_word' id='word_1_175' title='bbox 1400 4174 1476 4251; x_wconf 73' lang='lat'>351,</span> <span class='ocrx_word' id='word_1_176' title='bbox 1510 4195 1588 4258; x_wconf 82' lang='lat' dir='ltr'>squ.</span> 
     </span>
    </p>
   </div>
   <div class='ocr_carea' id='block_1_5' title="bbox 434 4334 1652 4545">
    <p class='ocr_par' dir='ltr' id='par_1_7' title="bbox 434 4334 1652 4545">
     <span class='ocr_line' id='line_1_27' title="bbox 500 4334 1652 4420; baseline 0.001 -18"><span class='ocrx_word' id='word_1_177' title='bbox 500 4335 722 4420; x_wconf 84' lang='lat' dir='ltr'>Quapropter</span> <span class='ocrx_word' id='word_1_178' title='bbox 758 4336 819 4402; x_wconf 90' lang='lat' dir='ltr'>illa</span> <span class='ocrx_word' id='word_1_179' title='bbox 859 4334 1131 4402; x_wconf 88' lang='lat' dir='ltr'>accuratissime</span> <span class='ocrx_word' id='word_1_180' title='bbox 1165 4354 1184 4400; x_wconf 88' lang='lat' dir='ltr'>a</span> <span class='ocrx_word' id='word_1_181' title='bbox 1216 4335 1336 4420; x_wconf 85' lang='lat' dir='ltr'>puella</span> <span class='ocrx_word' id='word_1_182' title='bbox 1372 4335 1519 4402; x_wconf 88' lang='lat' dir='ltr'>celanda</span> <span class='ocrx_word' id='word_1_183' title='bbox 1557 4342 1652 4413; x_wconf 87' lang='lat' dir='ltr'>sunt,</span> 
     </span>
     <span class='ocr_line' id='line_1_28' title="bbox 434 4460 941 4545; baseline 0 -19"><span class='ocrx_word' id='word_1_184' title='bbox 434 4461 464 4526; x_wconf 90' lang='lat' dir='ltr'>si</span> <span class='ocrx_word' id='word_1_185' title='bbox 500 4462 638 4545; x_wconf 87' lang='lat' dir='ltr'>placere</span> <span class='ocrx_word' id='word_1_186' title='bbox 672 4461 704 4527; x_wconf 88' lang='lat' dir='ltr'>ei</span> <span class='ocrx_word' id='word_1_187' title='bbox 733 4460 833 4526; x_wconf 88' lang='lat' dir='ltr'>cordi</span> <span class='ocrx_word' id='word_1_188' title='bbox 866 4466 941 4526; x_wconf 91' lang='lat' dir='ltr'>est:</span> 
     </span>
    </p>
   </div>
   <div class='ocr_carea' id='block_1_6' title="bbox 564 4620 1539 5079">
    <p class='ocr_par' dir='ltr' id='par_1_8' title="bbox 565 4620 1539 4830">
     <span class='ocr_line' id='line_1_29' title="bbox 565 4620 1539 4705; baseline -0.001 -19"><span class='ocrx_word' id='word_1_189' title='bbox 565 4620 641 4687; x_wconf 90' lang='lat' dir='ltr'>Non</span> <span class='ocrx_word' id='word_1_190' title='bbox 668 4626 789 4687; x_wconf 88' lang='lat' dir='ltr'>tamen</span> <span class='ocrx_word' id='word_1_191' title='bbox 813 4621 993 4705; x_wconf 88' lang='lat' dir='ltr'>expositas</span> <span class='ocrx_word' id='word_1_192' title='bbox 1022 4638 1147 4686; x_wconf 90' lang='lat' dir='ltr'>mensa</span> <span class='ocrx_word' id='word_1_193' title='bbox 1174 4621 1369 4704; x_wconf 87' lang='lat' dir='ltr'>deprendat</span> <span class='ocrx_word' id='word_1_194' title='bbox 1401 4626 1539 4687; x_wconf 89' lang='lat' dir='ltr'>amator</span> 
     </span>
     <span class='ocr_line' id='line_1_30' title="bbox 609 4744 1439 4830; baseline 0 -20"><span class='ocrx_word' id='word_1_195' title='bbox 609 4745 762 4827; x_wconf 78' lang='lat' dir='ltr'>Pyxidas</span> <span class='ocrx_word' id='word_1_196' title='bbox 790 4764 796 4809; x_wconf 91' lang='grc'>;</span> <span class='ocrx_word' id='word_1_197' title='bbox 829 4763 886 4810; x_wconf 89' lang='lat' dir='ltr'>ars</span> <span class='ocrx_word' id='word_1_198' title='bbox 912 4744 1039 4810; x_wconf 86' lang='lat' dir='ltr'>taciem</span> <span class='ocrx_word' id='word_1_199' title='bbox 1070 4744 1297 4812; x_wconf 89' lang='lat' dir='ltr'>dissimulata</span> <span class='ocrx_word' id='word_1_200' title='bbox 1328 4745 1439 4830; x_wconf 85' lang='lat' dir='ltr'>juvat.</span> 
     </span>
    </p>

    <p class='ocr_par' dir='ltr' id='par_1_9' title="bbox 564 4869 1516 5079">
     <span class='ocr_line' id='line_1_31' title="bbox 564 4869 1438 4949; baseline -0.001 -13"><span class='ocrx_word' id='word_1_201' title='bbox 564 4869 675 4949; x_wconf 82' lang='lat' dir='ltr'>Quem</span> <span class='ocrx_word' id='word_1_202' title='bbox 708 4887 779 4935; x_wconf 92' lang='lat' dir='ltr'>non</span> <span class='ocrx_word' id='word_1_203' title='bbox 813 4869 970 4935; x_wconf 87' lang='lat' dir='ltr'>ollendat</span> <span class='ocrx_word' id='word_1_204' title='bbox 991 4875 1064 4935; x_wconf 86' lang='lat' dir='ltr'>toto</span> <span class='ocrx_word' id='word_1_205' title='bbox 1087 4869 1164 4935; x_wconf 77' lang='lat' dir='ltr'>faex</span> <span class='ocrx_word' id='word_1_206' title='bbox 1193 4870 1294 4940; x_wconf 89' lang='lat' dir='ltr'>inlita</span> <span class='ocrx_word' id='word_1_207' title='bbox 1326 4870 1438 4947; x_wconf 91' lang='lat' dir='ltr'>vultu,</span> 
     </span>
     <span class='ocr_line' id='line_1_32' title="bbox 608 4993 1516 5079; baseline 0 -19"><span class='ocrx_word' id='word_1_208' title='bbox 608 4994 696 5061; x_wconf 89' lang='lat' dir='ltr'>Cum</span> <span class='ocrx_word' id='word_1_209' title='bbox 719 4995 798 5060; x_wconf 91' lang='lat' dir='ltr'>lluit</span> <span class='ocrx_word' id='word_1_210' title='bbox 821 4993 858 5060; x_wconf 94' lang='lat' dir='ltr'>in</span> <span class='ocrx_word' id='word_1_211' title='bbox 888 4994 1024 5079; x_wconf 88' lang='lat' dir='ltr'>tepidos</span> <span class='ocrx_word' id='word_1_212' title='bbox 1052 4996 1210 5079; x_wconf 88' lang='lat' dir='ltr'>pondere</span> <span class='ocrx_word' id='word_1_213' title='bbox 1246 4994 1344 5079; x_wconf 89' lang='lat' dir='ltr'>lapsa</span> <span class='ocrx_word' id='word_1_214' title='bbox 1378 4995 1480 5062; x_wconf 81' lang='lat' dir='ltr'>sinus</span> <span class='ocrx_word' id='word_1_215' title='bbox 1497 4993 1516 5060; x_wconf 65' lang='lat'>⁹?</span> 
     </span>
    </p>
   </div>
   <div class='ocr_carea' id='block_1_7' title="bbox 0 0 2110 6184">
    <p class='ocr_par' dir='ltr' id='par_1_10' title="bbox 0 0 2110 6184">
     <span class='ocr_line' id='line_1_33' title="bbox 0 0 2110 6184; baseline 0 2"><span class='ocrx_word' id='word_1_216' title='bbox 0 0 2110 6184; x_wconf 95' lang='lat' dir='ltr'> </span> 
     </span>
    </p>
   </div>
  </div>
 </body>
</html>
