4209 6184
943 879 1041 939 -43
1064 913 1101 923 -

475 1067 565 1133 Cum
588 1086 672 1135 vero
692 1067 773 1135 illae
796 1073 890 1134 artes
913 1069 1034 1153 magni
1057 1069 1232 1135 momenti
1250 1070 1322 1135 sint
1343 1068 1386 1133 ad
1403 1068 1630 1153 placendum,

407 1189 556 1257 Ovidius
585 1193 724 1276 puellas
753 1193 918 1258 hortatur
948 1200 987 1257 ut
1015 1209 1141 1257 earum
1172 1192 1291 1258 studio
1325 1191 1558 1258 incumbant:

541 1352 609 1419 Res
635 1360 690 1420 est
720 1353 850 1419 blanda
877 1370 1000 1419 canor.
1035 1353 1180 1420 Discunt
1210 1358 1355 1420 cantare
1385 1351 1552 1436 puellae:

588 1477 651 1544 Pro
686 1478 775 1544 lacie
807 1477 932 1544 multis
964 1495 1033 1544 vox
1062 1495 1126 1542 sua
1158 1478 1238 1543 lena
1269 1477 1344 1543 tuit.

541 1602 580 1667 Et
611 1602 718 1669 modo
748 1602 960 1669 marmoreis
987 1602 1143 1668 referant
1171 1602 1292 1669 audita
1323 1603 1472 1669 theatris

585 1728 625 1794 Et
656 1727 763 1794 modo
795 1726 935 1794 niliacis
965 1727 1126 1793 carmina
1154 1728 1232 1794 lusa
1261 1726 1390 1793 modis.

539 1852 609 1920 Nec
642 1853 820 1938 plectrum
847 1852 984 1928 dextra,
1013 1852 1188 1919 citharam
1214 1852 1373 1919 tenuisse
1404 1852 1550 1918 sinistra

564 1978 722 2045 Nesciat
749 1978 897 2045 arbitrio
928 1977 1063 2043 femina
1094 1978 1197 2045 docta
1234 1996 1326 2044 meo.

1133 2105 1169 2166 rt.
1202 2105 1276 2168 lor.
1306 2101 1362 2179 ΙΙΙ,
1395 2102 1459 2169 315
1484 2121 1564 2187 sqq.

473 2262 609 2328 Ludere
632 2263 739 2328 etiam
762 2261 902 2346 puellas
921 2261 1005 2328 iacit
1018 2261 1167 2327 Ovidius
1189 2262 1346 2332 tesseris.
1374 2261 1467 2338 talis,
1490 2261 1632 2326 latrun-

403 2386 496 2452 culis
534 2386 686 2470 aliisque
718 2385 887 2452 ludorum
912 2384 1145 2469 'generibus3
1187 2391 1221 2451 et
1253 2394 1450 2452 amatorem
1481 2385 1631 2470 ejusque

402 2510 557 2577 amicam
590 2511 642 2576 sic
685 2510 849 2576 ludentes
893 2510 996 2576 nobis
1034 2509 1203 2589 ostendit,
1240 2516 1280 2576 ut
1315 2515 1454 2575 amator
1489 2527 1632 2594 semper

402 2652 440 2701 se
472 2635 572 2702 vinci
603 2635 713 2702 velit:

536 2795 604 2861 Seu
622 2794 720 2862 ludet
736 2795 896 2881 [puella],
907 2813 1151 2880 numerosque
1168 2815 1279 2862 manu
1295 2795 1439 2879 jactabit
1452 2796 1622 2869 eburnos,

583 2920 633 2986 Tu
662 2921 754 2988 male
782 2920 923 3006 jactato.
962 2927 999 2986 tu
1027 2921 1121 2987 male
1147 2921 1238 3005 jacta
1275 2921 1370 2987 dato.

535 3047 604 3112 Seu
635 3046 742 3130 jacies
768 3048 871 3125 talos,
903 3047 1034 3113 vietam
1066 3066 1109 3112 ne
1146 3064 1258 3132 poena
1287 3052 1472 3131 sequatur,
1515 3055 1518 3091 ³

579 3169 749 3237 Damnosi
776 3170 882 3237 lacito
910 3171 982 3236 sint
1017 3170 1080 3237 tibi
1115 3187 1220 3256 saepe
1248 3188 1382 3246 eanes;

533 3296 615 3362 Sive
651 3296 829 3363 latrocinii
862 3297 930 3362 sub
958 3296 1116 3380 imagine
1145 3296 1307 3362 calculus
1336 3296 1412 3376 ibit,

576 3420 643 3487 Fac
677 3428 798 3506 pereat
825 3421 936 3488 vitreo
968 3420 1073 3486 miles
1105 3421 1149 3486 ab
1178 3422 1281 3487 hoste
1309 3427 1404 3488 tuus.

1155 3549 1194 3611 il.
1222 3549 1295 3612 lul.
1323 3547 1364 3624 ll,
1391 3546 1457 3613 tot
1481 3565 1560 3631 sqq.

464 3706 616 3773 Tantum
655 3713 774 3774 autem
804 3706 871 3773 iuit
905 3706 982 3791 ejus
1014 3705 1177 3794 studium
1212 3706 1554 3791 nibilneglegendi,
1592 3713 1630 3774 ut

398 3832 467 3898 alio
495 3833 573 3898 loco
601 3831 653 3918 (l.
676 3834 750 3898 lm.
777 3832 834 3908 ΙΙΙ,
862 3831 903 3898 35
928 3829 1024 3916 sqq.)
1062 3830 1143 3897 illos
1178 3831 1282 3899 ludos
1316 3833 1402 3899 satis
1427 3832 1630 3900 illustribus

397 3958 516 4023 verbis
551 3956 754 4024 describere
788 3964 980 4024 conaretur
1011 3976 1017 4023 :
1055 3957 1313 4024 difficillimum
1350 3977 1436 4025 saue
1470 3979 1561 4045 opus
1597 3967 1629 4026 et

397 4082 457 4147 vix
485 4089 587 4166 poeta
612 4080 786 4166 dignum:
818 4101 836 4146 a
866 4101 934 4167 qua
961 4088 1082 4148 tamen
1110 4082 1320 4149 difficultate
1345 4102 1423 4149 sese
1449 4084 1630 4168 eleganter

395 4205 587 4290 expedivit.
1395 4204 1398 4211 '

463 4453 520 4516 De
550 4452 722 4518 ancillis.
824 4458 872 4523 De
904 4458 1046 4525 ancillis
1076 4460 1172 4525 idem
1206 4461 1315 4528 sentit
1349 4460 1498 4527 Ovidius
1530 4460 1628 4545 quod

395 4578 572 4659 Horatius,
606 4581 679 4664 qui,
716 4581 905 4648 notissimo
937 4584 1094 4667 quodam
1129 4584 1165 4650 in
1196 4586 1357 4652 carmine
1388 4585 1514 4651 dixit:

572 4739 621 4806 Ne
651 4741 697 4807 sit
722 4742 874 4809 ancillae
905 4744 964 4809 tibi
997 4763 1098 4812 amor
1130 4747 1273 4831 pudori.

1130 4870 1212 4937 Hor.
1242 4873 1352 4957 qurn.
1382 4870 1423 4948 ll,
1452 4890 1497 4948 rv,
1528 4871 1558 4936 l.

393 5025 534 5091 Fatetur
554 5026 650 5092 enim
673 5047 711 5094 se
732 5029 945 5095 ancillarum
971 5049 1130 5097 amorem
1154 5032 1303 5098 minime
1325 5031 1555 5117 despexisse:
