4209 6184
969 845 1126 908 ,57-

574 1033 631 1100 Sic
660 1033 792 1118 poteris
826 1032 1001 1118 iuvenum
1026 1032 1194 1100 convivia
1224 1050 1368 1118 semper
1400 1033 1501 1113 inire,

618 1158 669 1237 Et,
698 1168 790 1242 quae
812 1177 885 1225 non
910 1157 1065 1236 dederiS,
1099 1158 1212 1267 multa
1245 1157 1369 1225 videre
1395 1158 1506 1225 domi.

938 1272 940 1276 ’
1184 1285 1259 1348 Aur.
1286 1280 1342 1348 lll.
1369 1301 1417 1361 rv,
1448 1281 1490 1350 43
1516 1301 1595 1368 sqq.

506 1443 599 1510 Num
622 1449 744 1510 autem
770 1445 916 1510 inanem
945 1443 1189 1529 coniecturam
1226 1443 1342 1511 tacere
1374 1461 1432 1510 me
1463 1443 1605 1528 putabis
1633 1444 1663 1510 si

440 1567 564 1636 dixero
607 1569 651 1634 ab
685 1568 809 1636 Ovidio
844 1586 915 1635 non
960 1567 1152 1635 confictam
1184 1586 1274 1646 esse,
1313 1567 1375 1635 sed
1411 1568 1456 1635 ad
1492 1566 1664 1634 similitu-

440 1693 562 1760 dinem
599 1693 674 1760 veri
700 1692 916 1760 delineatam
944 1692 1042 1759 illius
1078 1692 1196 1759 mariti
1225 1710 1428 1778 personam,
1457 1692 1516 1759 cui
1548 1709 1664 1776 neque

440 1816 565 1902 ignaro
602 1835 718 1902 neque
758 1817 870 1884 invito
906 1817 1084 1902 plurimos
1131 1816 1267 1883 amicos
1312 1821 1346 1884 et
1388 1833 1539 1900 magnas
1576 1833 1662 1901 opes

440 1942 659 2010 adulterium
694 1943 817 2010 uxoris
849 1940 1147 2028 comparaverit?

507 2175 565 2238 De
592 2171 737 2238 ovidio
764 2171 866 2252 ipso.
901 2214 945 2223 -
976 2176 1073 2244 lnter
1111 2183 1289 2244 amatores
1324 2195 1414 2261 quos
1461 2195 1504 2242 ex
1548 2175 1664 2244 Ovidii

400 2290 402 2295 ’
439 2302 624 2369 amatoriis
648 2301 871 2368 carminibus
899 2301 1102 2368 describere
1131 2318 1316 2380 conamur,
1346 2302 1467 2386 ipsum
1494 2300 1663 2369 Ovidium

440 2427 723 2511 praetermittere
763 2446 835 2494 non
882 2426 975 2494 lieet.
1009 2426 1190 2494 Nonnulla
1232 2426 1276 2492 de
1319 2444 1357 2493 se
1405 2426 1481 2512 ipse
1526 2427 1562 2493 in
1612 2429 1664 2495 eis

439 2552 661 2620 carminibus
692 2553 794 2619 nobis
822 2552 989 2631 tradidit;
1027 2569 1093 2619 nec
1121 2553 1253 2618 mirum
1289 2571 1295 2618 :
1325 2570 1482 2637 namque
1515 2572 1554 2620 ea
1583 2570 1664 2620 car-

380 2725 383 2730 .
440 2677 538 2743 mina
572 2677 753 2744 inchoavit
779 2694 862 2743 cum
888 2677 1100 2744 adulescens
1125 2683 1229 2755 esset,
1268 2682 1306 2745 ut
1338 2677 1415 2762 ipse
1445 2678 1529 2744 ait:

572 2819 738 2885 Carmina
762 2836 847 2885 cum
879 2819 1039 2903 primum
1075 2819 1208 2904 populo
1241 2818 1412 2903 juvenilia
1446 2819 1527 2904 legi,

618 2943 730 3009 Barba
758 2948 893 3009 resecta
923 2941 1013 3008 mihi
1044 2941 1144 3009 bisve
1173 2943 1331 3009 semelve
1359 2943 1439 3010 luit.

1163 3074 1165 3079 '
1261 3065 1356 3134 tritt.
1386 3067 1509 3147 IV„rr,
1541 3068 1595 3136 57.

504 3228 566 3294 llla
616 3233 736 3294 autem
784 3226 1045 3295 consuetudine
1092 3247 1180 3295 usus
1238 3247 1308 3312 qua
1361 3233 1514 3296 utuntur
1557 3229 1663 3295 multi

438 3359 573 3439 poetae,
611 3355 774 3438 priorum
815 3370 965 3420 suorum
1006 3353 1185 3419 librorum
1223 3353 1409 3420 materiem
1451 3354 1486 3419 in
1527 3372 1565 3421 se
1602 3353 1664 3419 ali·

437 3485 614 3563 quatenus
657 3477 806 3544 invenit.
850 3477 974 3562 ltaque
1007 3478 1044 3544 in
1073 3478 1130 3544 bis
1160 3478 1340 3562 prioribus
1369 3478 1470 3574 libris
1508 3478 1586 3564 ejus
1617 3478 1661 3545 ad

437 3606 562 3674 vivum
595 3621 802 3688 expressam
838 3602 990 3688 effigiem
1024 3621 1197 3687 quaerere
1228 3603 1324 3670 libet.

502 3729 664 3795 Primum
710 3728 753 3794 de
797 3746 862 3794 suo
907 3729 1068 3813 eorporis
1103 3727 1227 3794 habitu
1270 3744 1335 3794 nos
1370 3727 1539 3796 certiores
1579 3728 1657 3797 lieri

436 3856 561 3924 voluit.
602 3853 762 3920 Macrum
796 3871 880 3938 ergo
914 3871 952 3918 se
980 3852 1092 3919 luisse
1126 3853 1295 3932 declarat,
1335 3858 1373 3920 ut
1413 3870 1522 3938 quem
1558 3873 1660 3922 ama-

436 3979 546 4047 toriae
568 3977 829 4046 sollicitudines
855 4001 869 4037 «
889 3978 1116 4044 tenuaverint
1134 3998 1163 4058 n,
1183 3983 1216 4046 et
1238 3978 1282 4045 ad
1306 3977 1400 4044 iores
1426 3978 1659 4064 semiapertas

436 4105 645 4171 intrandum
681 4110 806 4188 aptum
837 4103 1059 4169 reddiderint
1090 4121 1097 4169 :
1161 4088 1163 4091 ’

817 4297 936 4315 ......
963 4246 1063 4315 aditu
1091 4247 1146 4314 lac
1173 4247 1280 4333 ianua
1301 4264 1412 4333 parvo

612 4371 808 4457 Obliquum
838 4370 954 4456 capiat
974 4372 1235 4456 semiadaperta
1271 4371 1378 4439 latus.

568 4498 709 4587 Longus
740 4514 842 4563 amor
876 4497 963 4564 tales
995 4514 1126 4581 corpus
1147 4496 1307 4563 tenuavit
1329 4496 1366 4563 in
1398 4515 1501 4565 usus.

612 4622 774 4706 Aptaque
800 4622 977 4688 subducto
1010 4637 1160 4706 corpore
1186 4621 1347 4687 membra
1373 4621 1482 4689 dedit.

1232 4754 1304 4811 lm.
1333 4745 1358 4824 1,
1386 4763 1434 4822 vr,
1461 4745 1481 4811 3
1508 4763 1587 4829 sqq.

503 4908 581 4981 Sed,
614 4908 781 4994 quamvis
807 4907 952 4994 gracile,
981 4906 1059 4993 ejus
1088 4925 1219 4993 corpus
1249 4907 1437 4975 robustum
1464 4911 1539 4974 erat
1569 4925 1576 4973 :
