4209 6184
962 861 1122 926 ..59-

571 1047 607 1114 Si
647 1067 703 1117 me
729 1068 801 1117 non
838 1055 999 1118 veterum
1031 1052 1289 1120 commendant
1309 1065 1439 1136 magna
1468 1052 1658 1135 parentum

616 1173 778 1256 Nomina,
816 1176 846 1244 si
879 1178 993 1246 nostri
1025 1177 1213 1264 sanguinis
1242 1182 1367 1243 auctor
1394 1191 1516 1261 eques,

569 1278 643 1366 'Nec
674 1319 777 1369 meus
808 1303 1010 1381 innumeris
1042 1307 1238 1370 renovatur
1263 1317 1415 1385 campus
1445 1299 1586 1377 aratris,
1693 1364 1696 1371 .

616 1424 802 1511 Temperat
822 1432 856 1495 et
876 1433 1045 1514 sumptus
1079 1445 1213 1513 parcus
1240 1431 1392 1510 uterque
1420 1442 1563 1513 parens,

571 1548 616 1616 At
646 1550 821 1629 Phoebus
848 1554 1070 1639 comitesque
1102 1571 1246 1631 novem,
1279 1550 1436 1635 vitisque
1449 1551 1609 1632 repertor

616 1665 706 1733 Hinc
727 1665 877 1735 iaciunt.
894 1719 924 1737 ..

1255 1765 1330 1823 Aul.
1357 1756 1382 1835 l,
1403 1772 1452 1834 ur,
1477 1753 1495 1821 7
1516 1771 1594 1839 sqq.

506 1895 571 1964 Ubi
604 1904 710 1967 natus
738 1897 783 1968 sit
810 1901 976 1986 pluribus
1005 1902 1094 1970 locis
1122 1901 1271 1969 Ovidius
1297 1898 1399 1978 dixit,
1427 1917 1512 1966 cum
1536 1915 1552 1960 n
1575 1891 1678 1962 Pae?

440 2020 565 2108 ligni»
596 2022 724 2103 sexies
752 2044 767 2088 n
801 2025 927 2095 Sulmo
961 2028 1121 2094 »bisin
1152 2031 1317 2094 Amorum
1346 2023 1448 2093 libris
1485 2021 1664 2107 reperian-

439 2150 525 2225 tur;
561 2152 667 2216 natus
703 2154 756 2217 est
797 2158 917 2219 autem
960 2152 1144 2231 Sulmone,
1188 2169 1280 2236 quae
1318 2155 1382 2229 est,
1422 2155 1462 2218 ut
1499 2149 1576 2234 ipse
1602 2147 1662 2222 ait,

441 2291 457 2335 «
491 2290 574 2357 pars
604 2273 763 2358 Paeligni
795 2276 897 2344 tertia
936 2277 1031 2345 ruris
1065 2297 1096 2344 u.
1144 2276 1211 2344 Sed
1247 2277 1284 2343 in
1322 2280 1488 2343 Amorum
1523 2277 1665 2342 tantum

439 2394 541 2464 libris
571 2397 649 2483 ejus
675 2399 810 2484 patriae
829 2403 965 2469 mentio
981 2407 1047 2470 est.
1078 2400 1213 2487 Nempe
1239 2400 1452 2468 adulescens
1479 2397 1665 2466 Sulmonis

438 2526 472 2589 et
507 2522 759 2608 Paelignorum
784 2527 991 2594 immemor
1007 2527 1170 2594 nondum
1193 2531 1281 2594 erat.
1302 2525 1370 2593 Sed
1398 2529 1533 2610 postea,
1552 2527 1666 2590 aetate

438 2652 627 2731 maturior,
657 2653 807 2719 Romam
836 2652 882 2720 ite
912 2653 1106 2730 adamavit,
1129 2657 1166 2719 ut
1190 2668 1270 2719 eam
1290 2668 1377 2719 suae
1406 2649 1542 2735 patriae
1567 2665 1665 2733 prae-

438 2774 572 2855 tulerit,
600 2776 707 2844 etde
743 2777 922 2863 Paelignis
949 2783 982 2846 et
1009 2777 1183 2844 Sulmone
1229 2776 1307 2844 sine
1335 2772 1446 2842 dubio
1468 2773 1666 2859 haudqua-

439 2918 547 2982 quam
572 2902 766 2969 curaverit.

506 3025 555 3092 Ex
579 3043 621 3093 eo
652 3031 772 3094 tamen
801 3027 898 3112 quod
920 3045 1004 3094 rure
1038 3033 1145 3095 natus
1171 3031 1246 3094 erat
1273 3024 1470 3110 quamdam
1494 3025 1531 3092 in
1558 3024 1666 3092 rebus

441 3150 585 3218 rusticis
622 3150 867 3220 describendis
900 3150 1160 3236 ingenuitatem
1207 3155 1241 3218 et
1280 3148 1467 3217 veritatem
1503 3149 1664 3217 retinuit.

441 3275 600 3342 Proiecto
625 3293 717 3361 quae
737 3276 774 3342 in
802 3272 968 3341 llemediis
992 3274 1128 3342 Amore
1154 3275 1325 3361 leguntur
1350 3274 1394 3340 de
1424 3275 1664 3358 agricolarum

439 3400 620 3482 operibus
654 3401 697 3467 de
721 3399 875 3467 venandi
905 3406 939 3467 et
966 3400 1130 3484 piscandi
1152 3406 1227 3468 arte
1253 3403 1358 3473 lllcm.
1382 3408 1457 3465 eor.
1492 3398 1663 3477 lll-alat,

439 3539 482 3588 ex
508 3523 629 3588 animo
657 3524 790 3609 scripta
827 3541 906 3590 esse
936 3542 1007 3590 non
1040 3524 1258 3591 couleudere
1288 3524 1420 3590 ausim.
1445 3523 1513 3591 Sed
1545 3523 1665 3609 aliqua

439 3644 545 3712 laude
575 3645 682 3729 digna
712 3646 802 3712 mihi
827 3646 968 3714 videtur
994 3647 1149 3715 rusticae
1179 3665 1331 3733 pompae
1347 3647 1540 3735 descriptio
1555 3667 1664 3734 quarn
1717 3738 1720 3745 Ι

336 3778 339 3783 ·
438 3769 533 3855 apud
568 3769 723 3837 Faliscos
758 3769 907 3838 Ovidius
944 3790 1029 3838 cum
1071 3771 1223 3858 conjuge
1262 3791 1327 3840 sua
1370 3776 1543 3858 spectavit
1575 3774 1662 3864 (Am.

438 3893 495 3974 lll,
528 3893 618 3983 xur),
649 3898 682 3961 et
718 3895 854 3982 aliquid
886 3897 1067 3964 sincerum
1095 3902 1224 3965 sonant
1256 3897 1293 3963 hi
1318 3916 1446 3967 versus
1475 3919 1566 3986 quos
1597 3901 1666 3969 lec·

439 4019 506 4086 tori
538 4036 700 4106 propono
734 4038 741 4087 :

572 4162 684 4248 Saepe
717 4164 785 4230 sub
810 4169 1041 4243 autumnum,
1064 4182 1149 4232 cum
1172 4165 1457 4232 lormosissimus
1486 4184 1617 4233 annus

1272 4300 1309 4358 .-l.
1342 4300 1416 4356 Aru.
1444 4289 1487 4369 ll,
1518 4289 1594 4358 315.

617 4403 657 4470 Et
685 4404 832 4471 laedunt
871 4403 987 4471 nudos
1019 4408 1120 4489 prata
1156 4405 1297 4474 novella
1325 4409 1449 4493 pedes.

1258 4540 1297 4597 Α.
1328 4541 1402 4596 illu.
1439 4530 1481 4610 II,
1517 4530 1594 4598 698.

504 4668 552 4736 De
582 4668 813 4754 Ovidioipso
847 4687 920 4737 non
951 4675 1004 4738 est
1035 4670 1132 4755 quod
1166 4671 1269 4756 plura
1302 4673 1481 4750 dicamne,
1504 4689 1663 4757 praeser-

439 4793 501 4859 tim
538 4794 634 4878 quia,
673 4793 718 4861 de
760 4813 881 4863 amore
915 4796 986 4880 jam
1030 4795 1197 4876 locuturi,
1236 4815 1308 4865 nou
1346 4797 1422 4866 fieri
1458 4798 1587 4883 poterit
1625 4805 1664 4868 ut

437 4923 560 5001 poetae
586 4918 648 5002 qui
684 4919 727 4985 de
763 4937 885 4986 amore
915 4919 1100 5006 scripserit
1126 4919 1311 5004 ingenium
1344 4926 1378 4989 et
1409 4922 1567 4990 indolem
1595 4923 1663 4990 ali-

437 5059 506 5125 qua
531 5060 574 5108 ex
602 5049 703 5126 parte
733 5042 842 5110 simul
874 5060 946 5110 non
983 5045 1262 5130 perpendamus.
