4209 6184
973 839 1132 899 ..13-

438 1027 548 1094 lieret.
585 1027 743 1112 Denique
780 1047 927 1112 graecae
963 1035 1048 1095 suut
1086 1028 1276 1112 pleraeque
1317 1027 1471 1093 luminae
1508 1045 1663 1111 quarum
1790 1015 1794 1022 ’

438 1153 481 1218 ad
527 1171 632 1219 usum
680 1158 713 1218 et
751 1152 1056 1219 oblectamentum
1098 1152 1260 1219 carmina
1298 1152 1470 1219 amatoria
1516 1150 1664 1217 Ovidius

441 1276 656 1362 composuit.

497 1419 600 1485 Nunc
631 1420 674 1484 ad
699 1420 796 1504 ipsos
825 1419 940 1486 Ovidii
978 1439 1103 1486 versus
1137 1420 1338 1487 veniamus.

574 1545 606 1609 l⁰
642 1544 760 1628 Longa
785 1545 911 1629 prohat
945 1544 1053 1611 iacies
1079 1545 1206 1630 capitis
1241 1544 1451 1612 discrimina
1480 1543 1559 1627 puri
1597 1564 1604 1622 ;

705 1669 763 1736 Sic
793 1676 869 1736 erat
898 1671 1035 1744 ornatis
1070 1669 1255 1737 Laodamia
1291 1669 1418 1735 comis.
1499 1640 1502 1646 ⁵

505 1811 567 1878 Cui
606 1811 713 1878 facies
757 1813 860 1897 longa
913 1819 977 1890 est,
1023 1813 1052 1878 ei
1099 1811 1243 1896 expedit
1292 1829 1434 1877 comam
1474 1810 1552 1876 sine
1591 1809 1664 1876 ullo

437 1937 562 2021 capitis
601 1943 813 2003 ornamento
851 1936 972 2021 (caput
1005 1929 1152 2022 purum)
1191 1937 1225 2002 111
1255 1936 1345 2001 duas
1380 1944 1498 2021 partes
1534 1934 1664 2001 discri-

438 2063 546 2138 mine,
593 2063 627 2128 id
681 2070 734 2129 est
771 2062 862 2129 linea
917 2062 1053 2128 medios
1103 2062 1254 2146 capillos
1294 2060 1492 2138 scindente,
1537 2059 1662 2126 dividi.

438 2186 556 2252 Talem
592 2192 712 2252 autem
755 2191 936 2261 ornatum,
966 2186 1026 2270 qui
1079 2186 1236 2269 virgines
1270 2192 1304 2252 et
1342 2185 1480 2270 puellas
1517 2185 1665 2269 pudicas

437 2312 549 2386 decet,
579 2311 691 2377 multa
726 2316 962 2377 monumenta
998 2310 1181 2395 praebent.
1209 2310 1306 2375 Inter
1334 2329 1425 2394 quae
1456 2309 1536 2376 vide
1572 2326 1665 2375 non-

438 2435 557 2500 nullas
577 2434 798 2518 'lanagraeas
817 2426 950 2519 figuras
976 2433 1142 2520 (Heuzey,
1169 2432 1241 2521 sip„
1264 2441 1349 2499 11111·
1365 2435 1414 2518 pl.
1436 2434 1492 2511 25,
1514 2435 1562 2519 pl.
1592 2431 1662 2519 32),

437 2559 636 2624 Amazonas
695 2557 878 2636 (Reinaolt,
931 2559 1007 2642 lltp.
1060 2558 1084 2628 l,
1132 2577 1165 2641 p.
1203 2558 1279 2634 186,
1332 2559 1392 2642 lig.
1434 2556 1466 2634 2,
1514 2557 1545 2635 3,
1590 2557 1611 2622 1
1655 2577 1663 2637 ;

440 2700 473 2764 p.
499 2683 574 2760 tat,
605 2683 663 2766 lig.
699 2683 727 2759 1,
765 2681 811 2762 3),
846 2670 1024 2747 Venerem
1059 2699 1202 2765 quoque
1235 2682 1333 2747 illam
1366 2681 1507 2747 Meliam
1542 2678 1666 2767 (Colli-

439 2824 547 2890 gnon,
577 2804 702 2891 Srulpt.
727 2826 792 2891 pr„
823 2805 865 2883 ll,
894 2825 927 2890 p.
955 2807 1047 2878 1121.
1080 2805 1172 2871 Talis
1201 2806 1267 2873 luit
1296 2806 1375 2873 sine
1398 2806 1508 2873 dubio
1533 2806 1665 2872 Romae

442 2938 688 2998 matronarum
725 2937 885 3003 ornatus.
916 2938 955 2997 ut
986 2940 1132 3024 apparet
1168 2952 1210 2998 ex
1240 2932 1395 2998 leminea
1425 2932 1539 3017 ligura
1574 2949 1666 3015 quae

441 3056 562 3123 Porcia
601 3056 802 3141 appellatur
841 3053 937 3134 (tlirt.
976 3053 1009 3121 d.
1050 3062 1140 3129 lut..
1181 3063 1247 3122 art.
1270 3044 1404 3130 Cornu,
1452 3055 1511 3141 fig.
1552 3055 1664 3139 1817).

573 3196 608 3262 2⁰
637 3196 812 3277 Exiguum
849 3214 991 3262 summa
1024 3197 1161 3262 nodum
1194 3197 1261 3262 sibi
1289 3196 1407 3264 iroute
1433 3196 1606 3282 relinqui,

709 3321 751 3387 Ut
779 3326 922 3407 pateant
952 3340 1070 3399 aures,
1099 3340 1160 3389 ora
1192 3323 1345 3389 rotunda
1381 3322 1520 3388 volunt.

509 3466 630 3546 Qualis
661 3466 704 3531 sit
741 3465 800 3531 ille
832 3482 955 3532 comae
985 3465 1128 3532 intuitus
1155 3466 1252 3531 haud
1278 3465 1424 3532 difficile
1445 3471 1498 3532 est
1524 3464 1667 3531 intelle-

442 3610 534 3676 gere.
577 3590 708 3656 Verum
754 3606 825 3654 non
866 3589 979 3656 multa
1018 3589 1141 3654 inveni
1175 3596 1412 3655 monumenta
1456 3590 1492 3654 in
1534 3589 1666 3672 quibus

443 3718 546 3783 illum
592 3702 776 3799 adspicere
820 3713 948 3798 possis.
1003 3712 1125 3779 Nodus
1163 3713 1309 3798 quidem
1355 3713 1391 3779 in
1437 3715 1551 3780 lronte
1593 3732 1667 3779 non

443 3859 546 3907 rarus
577 3846 640 3916 est,
674 3837 735 3904 sed
759 3838 788 3902 is
819 3844 872 3903 est
900 3829 1114 3921 plerumque
1141 3845 1179 3904 ut
1209 3837 1440 3923 descriptioni
1472 3836 1668 3903 Ouidianae

443 3964 592 4030 minime
631 3963 856 4046 respondeat.

510 4089 608 4153 llaud
660 4087 869 4171 inlrequens
910 4094 962 4155 est
1008 4087 1125 4154 nodus
1173 4087 1209 4152 in
1252 4087 1367 4153 lronte
1407 4088 1442 4152 in
1489 4088 1666 4172 Apollinis

444 4212 661 4278 simulacris.
705 4211 789 4276 Vide
833 4211 1038 4295 Apollinem
1085 4210 1223 4277 dictum
1268 4231 1282 4272 11
1323 4212 1369 4277 du
1416 4211 1608 4278 Belred'ere
1649 4232 1665 4274 1

444 4335 657 4421 (Collignon,
685 4331 810 4421 Sculpt.
838 4352 904 4417 pr„
942 4334 983 4411 ll,
1015 4354 1048 4419 p.
1086 4334 1162 4413 317,
1192 4333 1251 4418 lig.
1291 4334 1380 4420 161),
1413 4341 1446 4401 et
1475 4335 1599 4402 eodem
1630 4334 1666 4400 in

444 4461 534 4528 libro
561 4462 633 4526 duo
679 4459 834 4543 insignia
871 4459 1046 4544 Apollinis
1080 4459 1196 4544 capita
1233 4456 1295 4544 (td.
1335 4456 1435 4538 ibid,
1472 4478 1506 4544 p.
1539 4460 1604 4526 1511
1633 4465 1668 4526 et

443 4586 519 4663 tot,
556 4586 615 4670 fig.
647 4585 710 4650 231
745 4591 779 4652 et
808 4585 899 4667 238).
937 4585 1076 4652 Nodum
1116 4602 1259 4668 quoque
1304 4584 1341 4649 in
1378 4585 1495 4651 fronte
1533 4584 1667 4651 habent

444 4729 570 4778 omnes
596 4710 744 4778 Veneris
770 4717 907 4778 statuae
934 4729 1025 4795 quae
1038 4709 1237 4776 delineatae
1259 4714 1344 4775 sunt
1372 4709 1467 4794 apud
1495 4709 1665 4787 Reinach,

448 4837 523 4919 llr'p.
555 4836 580 4911 l,
618 4855 651 4921 p.
685 4835 759 4901 tlt.
792 4834 895 4902 Pueri
930 4852 1073 4920 quoque
1102 4840 1137 4901 ct
1164 4833 1260 4920 genii
1287 4833 1500 4918 capillorum
1533 4834 1668 4900 nodum

447 4961 483 5026 in
524 4962 639 5028 tronte
680 4959 858 5044 praeferre
886 4958 1001 5025 solent
1030 4959 1087 5036 tei.
1127 4957 1296 5034 Reinach,
1334 4958 1412 5043 lldp.
1448 4957 1473 5034 l,
1507 4977 1541 5042 p.
1574 4955 1666 5042 133).
