4209 6184
920 861 1079 921 -lss-

447 1049 655 1116 Femineum
683 1068 817 1136 corpus,
841 1069 882 1117 eo
911 1051 1017 1117 modo
1046 1069 1118 1134 quo
1147 1056 1297 1124 amator,
1330 1067 1401 1115 non
1429 1066 1501 1133 quo
1526 1048 1610 1134 pin-

379 1175 487 1259 gendi
517 1174 572 1243 vel
600 1174 758 1261 fingendi
785 1176 911 1244 artilex
939 1183 1046 1249 amat,
1072 1175 1220 1243 Ovidius
1247 1175 1392 1241 amavit.
1423 1175 1460 1240 ld
1488 1180 1608 1241 autem

381 1298 463 1366 inde
491 1305 586 1384 patet
609 1301 705 1385 quod
735 1302 953 1386 opusculum
983 1302 1026 1367 de
1055 1300 1355 1368 medicaminibus
1382 1299 1483 1365 faciei
1512 1316 1610 1365 com-

270 1436 275 1446 ·
381 1423 512 1509 posuit,
552 1442 624 1510 qno
653 1425 857 1493 declaratur
890 1426 934 1492 ab
963 1442 1004 1492 eo
1038 1425 1159 1510 magni
1192 1424 1374 1491 aestimari
1408 1423 1523 1491 lucata
1551 1423 1611 1489 illa

381 1548 542 1634 corporis
572 1556 784 1618 ornamenta
809 1568 901 1635 quae
928 1550 1123 1634 genuinam
1155 1556 1189 1616 et
1221 1549 1423 1616 naturalem
1448 1547 1611 1633 pulchri-

383 1673 543 1741 tudinem
592 1682 854 1760 corrumpunt,
904 1674 1056 1759 ideoque
1101 1675 1145 1740 ab
1186 1673 1384 1740 artificibus
1426 1673 1608 1740 contemni

380 1799 511 1866 solent.
1071 1893 1075 1900 Ι

449 1923 661 2009 Quanquam
698 1943 810 2009 pauca
850 1924 894 1989 de
931 1929 1081 2010 corp'ore
1119 1924 1273 1991 femineo
1308 1925 1404 2009 apud
1426 1917 1609 1990 ovidium

382 2053 534 2122 exstant,
571 2053 691 2114 lamen
723 2048 755 2114 ei
787 2049 959 2133 longioris
993 2055 1152 2115 staturae
1183 2047 1321 2132 puellas
1358 2047 1536 2132 placuisse
1567 2067 1610 2114 ex

382 2172 439 2238 his
468 2172 634 2239 versibus
662 2173 894 2241 manifestum
926 2180 979 2241 est
1013 2192 1019 2240 :
1066 2259 1068 2263 Ι

441 2377 444 2383 .
519 2314 636 2400 longa
659 2315 862 2400 decensque
893 2315 982 2393 iuit;
1017 2315 1123 2400 longa
1150 2315 1353 2399 decensque
1386 2320 1517 2380 manet.

1249 2444 1323 2506 ,lm
1350 2439 1405 2517 ΙΙΙ,
1434 2459 1482 2513 ιιι,
1508 2439 1541 2505 8.

515 2573 566 2639 Tu
591 2575 675 2659 quia
701 2580 772 2640 tam
799 2574 904 2660 longa
928 2593 977 2645 es.
1007 2581 1143 2642 veteres
1169 2574 1335 2640 heroidas
1360 2592 1502 2658 aequas.

1238 2702 1311 2765 lm.
1340 2699 1380 2772 ΙΙ,
1409 2717 1456 2775 rv,
1486 2698 1540 2764 33.

451 2875 508 2938 De
532 2874 656 2938 vultu
684 2871 867 2938 femineo.
905 2914 948 2923 -
987 2877 1200 2944 Communia
1246 2895 1324 2943 esse
1357 2883 1390 2943 et
1436 2895 1455 2942 e
1493 2877 1610 2942 medio

385 3009 530 3087 sumpta
563 3002 723 3088 primum
757 3001 925 3068 videnlur
951 3021 1042 3087 quae
1073 3003 1116 3069 de
1149 3003 1350 3087 puellarum
1388 3003 1488 3068 vultu
1524 3001 1609 3067 Ovi-

384 3127 465 3194 dius
495 3126 616 3194 edidit.
657 3127 799 3193 Scilicet
840 3129 982 3194 nullnm
1024 3129 1175 3194 verbum
1207 3128 1469 3213 inventasque
1501 3127 1609 3194 unius

385 3253 478 3319 inter
514 3259 649 3319 ceteras
675 3252 838 3319 dilectae
873 3253 1012 3337 puellae
1055 3253 1177 3321 vultus
1217 3252 1398 3337 designari
1431 3253 1607 3319 videatur.

305 3390 308 3394 ’
384 3377 554 3443 Omnium
581 3382 700 3444 autem
732 3377 946 3461 plerumque
986 3378 1241 3445 describuntur
1274 3377 1415 3452 vultus,
1453 3383 1493 3443 ut
1532 3376 1607 3443 lieri

384 3502 479 3586 apud
505 3501 638 3569 multos
670 3509 792 3587 poetas
826 3502 928 3580 solet,
955 3503 1108 3568 candido
1142 3501 1251 3568 simul
1286 3508 1319 3568 et
1353 3519 1455 3569 roseo
1490 3503 1623 3568 colore-

383 3627 572 3715 distincti„
591 3626 747 3711 exempli
780 3627 893 3712 gratia
922 3644 929 3691 :

517 3768 673 3836 Candida
697 3750 891 3835 candorem
917 3786 1017 3835 roseo
1042 3768 1179 3834 sullusa
1205 3769 1347 3835 rubore.

1245 3897 1319 3958 rim.
1347 3893 1403 3969 ΙΙΙ,
1432 3912 1480 3968 ιιι,
1507 3894 1539 3960 5.

450 4019 563 4085 Verba
596 4015 672 4083 «alliu
708 4036 781 4094 cru,
812 4035 872 4083 cru
904 4015 1026 4083 rubruc
1060 4015 1169 4102 picto,
1203 4035 1397 4102 purpureus·
1430 4015 1543 4102 pudor
1576 4025 1610 4085 et

384 4146 452 4211 alia
500 4142 632 4209 similia
680 4143 807 4228 legenti
859 4161 963 4228 saepe
1010 4149 1218 4210 occurrunt.
1261 4141 1356 4221 Quae
1395 4150 1480 4209 sunt
1523 4161 1608 4210 sane

385 4269 517 4354 publici
543 4269 646 4354 iuris.

450 4397 502 4462 At.
533 4400 657 4492 contra
704 4411 813 4476 quam
850 4393 1034 4459 sincerum
1070 4399 1104 4459 et
1135 4394 1258 4459 vivum
1301 4397 1432 4459 sonant
1466 4411 1604 4472 versus,

383 4520 579 4605 inquibus
613 4519 657 4584 de
695 4517 768 4584 risu
802 4518 944 4601 agitur!
981 4517 1115 4602 Nempe
1144 4536 1162 4582 e
1188 4519 1271 4583 vivo
1295 4535 1504 4601 expressam
1529 4536 1607 4585 csse
1708 4517 1710 4520 ’

383 4645 464 4730 quis
495 4649 597 4730 neget
630 4643 800 4710 eximiam
840 4643 931 4709 lianc
958 4643 1109 4709 ridentis
1145 4642 1283 4726 puellae
1312 4641 1497 4725 effigiem:

516 4788 595 4854 Sint
621 4786 752 4853 modici
785 4786 907 4859 rictus,
950 4803 1152 4871 parvaeque
1183 4785 1364 4870 utrimque
1399 4784 1558 4860 lacunae,

562 4913 600 4978 Et
625 4929 788 4979 summos
819 4912 943 4977 dentes
972 4910 1043 4975 ima
1082 4910 1209 4977 labella
1245 4915 1376 4995 tegani.

1203 5040 1241 5102 A.
1272 5041 1345 5100 Aut
1374 5035 1431 5110 ΙΙΙ,
1460 5033 1537 5100 283.
