4209 6184
835 862 846 877 '
977 879 1136 941 —37-

319 1088 323 1096 ’
444 1072 483 1132 ut
519 1067 595 1150 ipse
624 1067 672 1133 ait
700 1068 752 1151 (A.
776 1069 848 1132 Am.
879 1067 936 1139 ΙΙΙ,
965 1065 1056 1154 345).
1084 1067 1170 1134 inde
1198 1067 1407 1135 factumest
1433 1075 1472 1134 ut
1503 1066 1669 1152 pluribus

444 1193 585 1260 mendis
635 1193 671 1258 in
707 1195 775 1260 hoc
818 1212 925 1279 opere
959 1190 1198 1260 offendamur.
1236 1195 1303 1260 Sed
1351 1194 1552 1280 legitimum
1591 1212 1669 1260 esse

445 1317 524 1402 jure
551 1317 792 1385 arbitrabatur
819 1319 986 1402 antiquas
1012 1324 1045 1384 et
1073 1317 1255 1384 fabulosas
1292 1319 1429 1404 puellas
1462 1319 1513 1386 eis
1557 1318 1669 1384 animi

445 1440 631 1508 aflectibus
663 1439 784 1509 ornari
813 1461 903 1528 quos
938 1448 1040 1526 poeta
1073 1459 1139 1509 suo
1174 1448 1335 1528 tempore
1379 1461 1463 1510 suos
1502 1443 1669 1528 aequales

444 1564 669 1633 observando
694 1568 846 1635 scrutari
880 1566 1067 1652 potuisset.
1095 1566 1194 1646 Quod
1227 1566 1373 1651 quidem
1405 1569 1537 1635 iecerat
1566 1567 1670 1633 Euri-

446 1689 558 1775 pides,
588 1696 622 1756 et
651 1690 744 1770 lecit,
774 1697 943 1774 utsupra
968 1689 1141 1767 diximus
1171 1690 1339 1757 Racinius
1365 1697 1497 1770 noster,
1524 1697 1558 1757 et
1583 1709 1670 1757 sane

444 1814 522 1898 ipse
550 1813 698 1881 Ovidius
716 1815 752 1879 in
775 1815 835 1881 illa
859 1814 979 1881 Medea
1004 1815 1185 1898 tragoedia
1212 1834 1322 1900 quam
1351 1816 1432 1901 jam,
1464 1821 1503 1882 ut
1527 1815 1666 1900 opinor,

444 1957 516 2022 quo
548 1915 707 2023 tempore
736 1940 926 2006 Heroidum
948 1940 1121 2024 epistulas
1150 1941 1339 2019 scribebat,
1371 1940 1620 2007 meditabatur.

510 2062 607 2128 Tolle
639 2068 778 2131 tantum
805 2062 997 2129 Heroidum
1026 2065 1171 2130 nomina
1201 2083 1243 2130 ex
1273 2063 1450 2148 epistulis,
1485 2063 1557 2129 Hoc
1577 2062 1669 2128 lacto

444 2187 504 2271 qui
539 2187 662 2272 legerit
686 2206 772 2254 sane
802 2188 1035 2255 arbitrabitur
1056 2207 1116 2254 eas
1145 2187 1404 2273 aquibuslibet
1431 2187 1573 2272 puellis,
1597 2203 1668 2252 non

444 2313 487 2378 ab
510 2311 721 2379 Heroidibus
750 2315 971 2398 conscriptas
998 2332 1089 2380 esse.
1120 2313 1211 2379 Nihil
1245 2313 1341 2379 enim
1377 2319 1438 2379 aut
1482 2312 1668 2379 heroicum

444 2442 506 2503 aut
534 2436 740 2503 fabulosum
773 2437 938 2503 retinent.

510 2562 647 2629 Etenim
688 2563 769 2629 vide
800 2580 909 2646 «ruam
943 2562 1143 2629 humilibus
1179 2563 1297 2629 ‘verbis
1328 2561 1551 2647 suspiciones
1585 2579 1669 2627 suas

443 2686 486 2752 de
517 2686 629 2752 Ulixis
656 2686 842 2754 adulteriis
869 2688 1003 2771 aperiat
1036 2687 1210 2772 Penelope
1238 2706 1244 2752 :

523 2862 525 2866 ·
576 2827 668 2894 Haec
697 2847 762 2914 ego
790 2829 877 2895 dum
914 2831 1021 2896 stulte
1049 2836 1182 2906 metuo,
1208 2848 1300 2914 quae
1317 2833 1441 2895 ¹vestra
1469 2826 1578 2893 libido
1603 2830 1668 2901 est,

621 2953 704 3019 Esse
732 2955 921 3039 peregrino
951 2961 1078 3039 captus
1110 2973 1232 3022 amore
1256 2961 1367 3039 potes,

574 3076 735 3143 Forsitan
765 3083 799 3145 et
832 3096 956 3144 narres
984 3077 1164 3163 quamsit
1191 3077 1254 3144 tibi
1292 3077 1422 3143 rustica
1458 3075 1590 3159 conjux

485 3229 488 3236 ¹
620 3200 715 3280 Quae
740 3207 880 3268 tantum
904 3202 1004 3266 lanas
1038 3219 1110 3268 non
1137 3202 1223 3268 sinit
1254 3219 1333 3268 esse
1360 3202 1480 3267 rudes.

1279 3329 1360 3392 Her.
1384 3325 1410 3402 l,
1445 3326 1485 3394 75
1521 3344 1599 3410 sqq.

509 3470 688 3548 Quantum
714 3469 821 3536 distat
846 3489 864 3534 a
889 3470 990 3555 gravi
1015 3476 1048 3537 et
1076 3470 1185 3536 nobili
1200 3469 1305 3535 illius
1330 3469 1532 3535 homericae
1562 3468 1668 3534 Pene-

437 3594 539 3678 lopes
567 3595 691 3661 habitu
713 3595 719 3660 l

407 3718 408 3721 ’
507 3719 577 3786 Nec
604 3738 775 3788 sermone
805 3720 902 3802 regio
933 3720 1021 3785 mihi
1055 3720 1196 3786 videtur
1229 3719 1280 3785 uti
1318 3718 1464 3802 Phyllis,
1496 3718 1665 3784 Thraciae

440 3843 533 3929 regis
566 3844 651 3921 lilia,
681 3862 765 3911 cum
795 3845 1053 3928 Demophoonti
1093 3845 1175 3910 talia
1212 3844 1337 3911 scribit
1367 3861 1374 3909 ε

574 3988 618 4054 ΑΙ
650 4005 727 4052 mea
757 3985 915 4072 despecti
946 3986 1090 4071 lugiunt
1122 3987 1275 4053 conubia
1305 3985 1459 4050 Thraces

618 4084 715 4191 Quod
740 4111 833 4177 ferar
869 4119 1060 4178 externum
1096 4110 1346 4196 praeposuisse
1372 4110 1497 4186 ‘meis;

570 4237 688 4320 Atque
711 4235 869 4320 aliquis«
890 4236 969 4302 Jam
987 4253 1086 4302 nunc
1109 4235 1231 4302 doctas
1245 4240 1311 4308 eat,
1331 4233 1458 4317 inquit,
1478 4232 1660 4298 Athenas:

615 4360 831 4426 Armiferam
864 4360 1024 4427 Thracen
1055 4362 1116 4445 qui
1152 4367 1250 4444 regat
1276 4360 1366 4427 alter
1389 4359 1455 4425 erit
1483 4380 1512 4424 u.
1638 4352 1640 4357 ’

1259 4486 1339 4548 Hor.
1370 4481 1411 4558 ll,
1439 4483 1475 4548 81
1515 4500 1592 4566 sqq.

505 4627 615 4693 Multo
638 4626 752 4711 magis
780 4626 884 4692 illum
908 4628 1007 4693 dicas
1029 4645 1107 4694 esse
1127 4626 1275 4694 solitum
1301 4625 1493 4709 cujuslibet
1521 4625 1661 4709 puellae

437 4768 640 4817 sermonem
672 4768 829 4835 quaese
860 4750 995 4835 despici
1029 4751 1261 4816 vehementer
1293 4748 1422 4816 doleat.

502 4875 594 4941 Audi
621 4874 726 4942 etiam
757 4876 880 4959 quales
907 4876 980 4940 sint
1006 4873 1184 4941 Briseidos
1211 4874 1255 4939 ad
1285 4872 1461 4938 Achillem
1486 4872 1658 4955 depreca-

435 5000 549 5067 tiones
583 5017 590 5066 :
