4209 6184
904 1946 964 2019 DE
1004 1945 1199 2020 FEMINIS

504 2398 616 2478 Quae
640 2397 724 2463 sint
752 2397 975 2464 ovidianee
1005 2396 1191 2464 feminee.
1240 2439 1282 2448 -
1332 2402 1491 2467 Primum
1543 2401 1665 2486 iuqui-

438 2526 590 2593 reudum
617 2532 669 2594 est
700 2526 795 2612 quod
829 2526 1046 2593 teminurum
1078 2545 1193 2612 genus
1227 2526 1375 2593 Ovidius
1409 2526 1445 2592 iu
1480 2526 1663 2593 amatoriis

438 2649 661 2717 carminibus
693 2640 915 2735 'depinxerit

502 2773 542 2841 lu
588 2775 659 2842 iltis
701 2776 925 2843 carminibus
967 2777 1182 2862 pierumque
1224 2777 1343 2860 agitur
1388 2776 1431 2842 de
1472 2775 1660 2854 libertiuiS,

435 2918 562 2984 graeca
588 2901 733 2967 natione
760 2900 936 2978 oriundis,
963 2920 1055 2986 quae
1076 2919 1193 2985 neque
1215 2901 1422 2967 meretrices
1443 2906 1529 2966 sunt
1548 2918 1665 2985 neque
1694 2932 1697 2937 ·

437 3035 582 3109 nuptae.
612 3024 780 3091 Attamen
808 3025 852 3092 de
887 3024 1136 3092 meretricibus
1170 3031 1203 3092 et
1244 3026 1287 3092 de
1317 3026 1440 3111 nuptis
1487 3025 1662 3091 nonnulla

421 3127 585 3216 'Ovidius
618 3150 774 3234 scripsit,
808 3169 899 3235 quae
933 3149 1005 3251 jam
1040 3169 1139 3217 nune
1170 3151 1326 3217 breviter
1361 3168 1552 3236 exponam.

444 3375 445 3379 =
506 3345 563 3408 De
591 3343 888 3412 meretricibus,
915 3387 953 3395 -
991 3348 1039 3415 De
1065 3348 1210 3415 temiuis
1239 3367 1330 3433 quae
1369 3349 1512 3433 proprie
1548 3322 1666 3415 mere-

439 3473 545 3540 trices
581 3473 753 3573 dicuntur
785 3491 898 3558 pauca
930 3473 1088 3540 invenie.

504 3595 544 3663 lu
578 3603 742 3663 Amorum
775 3599 867 3665 libre
899 3599 924 3676 Ι,
955 3619 989 3676 X,
1021 3599 1061 3664 rt
1096 3617 1174 3684 sqq.
1209 3598 1394 3665 domiuum
1426 3617 1529 3666 suam
1562 3605 1663 3683 poeta

437 3720 602 3806 objurgat
632 3723 727 3805 quud
758 3722 857 3807 pejor
885 3723 932 3789 sit
962 3724 1161 3798 meretrice,
1192 3740 1274 3789 cum
1306 3728 1433 3807 sponte
1467 3742 1529 3788 sua
1561 3723 1665 3789 iaciat

340 3865 344 3871 ·
436 3864 527 3930 quae
559 3846 617 3912 ma
646 3847 730 3913 iacit
758 3854 879 3914 coacta
912 3865 919 3912 :

572 3989 648 4056 Stat
681 3991 851 4057 meretrix
883 3996 979 4057 certo
1008 3989 1125 4056 cuivis
1160 3989 1363 4055 mercabilis
1398 4007 1490 4066 aere,
1558 4070 1560 4074 λ

617 4114 656 4180 Et
690 4115 841 4180 miseras
868 4115 966 4200 jusso
995 4132 1147 4199 corpere
1178 4114 1317 4198 quaerit
1348 4131 1445 4198 opes„

570 4239 725 4306 Devovet
759 4239 951 4324 imperium
985 4245 1117 4305 tamen·
1137 4240 1224 4305 baec
1259 4238 1399 4304 tenonis
1430 4238 1540 4312 avari,

615 4363 653 4431 Et
678 4364 773 4446 quod
808 4382 871 4430 ves
904 4362 1019 4430 tacitis
1053 4369 1192 4448 sponte,
1224 4369 1345 4430 coacta
1379 4362 1474 4428 tacit.

503 4506 581 4573 Atio
613 4507 689 4573 ioco
721 4507 757 4571 irr
791 4506 1019 4573 meretricum
1063 4512 1157 4572 artes
1198 4505 1393 4582 invehitur,
1430 4523 1520 4588 quas
1551 4504 1663 4570 sacri-

436 4633 533 4716 legas
568 4638 670 4698 vocat
702 4650 709 4697 :

425 4805 429 4817 ·
494 4860 502 4874 ο
570 4773 645 4840 Non
674 4774 765 4840 mihi
794 4774 985 4861 sacrilegus
1014 4776 1246 4841 meretricum
1277 4781 1316 4840 ut
1344 4792 1538 4858 persequar
1568 4777 1662 4838 artes

611 4898 699 4968 Cum
730 4899 876 4968 totidem
902 4900 1036 4985 linguis
1067 4899 1139 4966 siut
1167 4901 1252 4966 satis
1281 4918 1341 4964 ora
1371 4898 1510 4994 decem

1280 5030 1318 5094 Α.
1349 5029 1422 5092 tut.
1458 5022 1483 5097 1,
1515 5022 1592 5094 435.
