4209 6184
521 1974 583 2048 aa
617 1973 773 2047 aassas
804 1972 932 2063 Qaaa
962 1973 1027 2046 aa
1066 1945 1362 2046 aaiiiaaaii
1400 1970 1596 2044 viviani

783 2214 1033 2288 RATIONEM
1069 2213 1336 2287 PERTINENT

517 2653 574 2716 De
596 2648 771 2729 ianitore
792 2652 844 2714 ad
866 2649 1026 2728 puellae
1049 2648 1170 2718 fores.
1194 2690 1231 2698 —
1258 2654 1362 2737 Apud
1385 2620 1517 2719 omnes¹
1536 2656 1674 2717 amato·
1722 2727 1727 2738 ι

450 2780 522 2846 rios
552 2786 673 2864 poetas
708 2780 776 2846 hac
809 2776 981 2845 carminis
1010 2795 1125 2861 genus
1149 2776 1333 2843 invenitur
1361 2793 1433 2861 quo
1459 2777 1501 2842 ad
1534 2773 1675 2860 puellae.

448 2907 591 2990 januam
643 2923 767 2990 preces
812 2904 856 2969 ab
904 2909 1064 2970 amatore
1116 2902 1310 2970 mittuntur
1366 2922 1372 2968 :
1420 2900 1516 2986 quod
1550 2900 1673 2967 Graeci
1729 2910 1732 2919 '

451 3039 709 3118 παρακλαυσίθυρον
740 3032 880 3095 vocant.
911 3027 960 3092 Da
989 3046 1061 3112 qua
1099 3026 1222 3092 canter
1260 3025 1387 3093 Catuli.
1424 3044 1520 3092 van
1550 3045 1558 3103 ;
1595 3024 1672 3090 Tib.

448 3155 474 3225 Ι.
502 3172 558 3227 11:
590 3154 671 3221 Hor.
707 3155 818 3220 Caria.
850 3153 906 3228 ΙΙΙ,
938 3173 960 3218 x
990 3173 997 3230 3
1027 3153 1132 3236 Prop.
1160 3151 1185 3228 1,
1207 3170 1295 3228 xv1;
1326 3150 1426 3218 Ovid.
1457 3153 1530 3216 Aia.
1563 3149 1589 3224 1,
1623 3169 1671 3216 vi.

450 3280 478 3345 A
512 3280 639 3345 ceteris
667 3283 786 3344 tamen
817 3277 936 3344 diiiert
962 3277 1110 3344 Ovidius
1141 3276 1237 3361 quod
1269 3278 1364 3361 apud
1387 3277 1468 3343 iilos
1499 3275 1543 3342 de
1568 3276 1672 3360 janua
1733 3322 1736 3327 -

451 3410 605 3475 tantum,
637 3403 730 3487 apud
762 3420 844 3468 aum
869 3401 912 3468 de
938 3402 1088 3487 janitore
1117 3418 1175 3467 res
1208 3407 1261 3468 est
1282 3399 1305 3466 ¹.

515 3527 726 3598 ianitorem,
758 3532 883 3593 catena
910 3526 953 3592 ad
982 3525 1129 3609 januam
1153 3525 1355 3610 religatum,
1385 3525 1533 3592 Ovidius
1561 3526 1676 3590 incre-

450 3661 511 3739 pat
543 3659 577 3719 et
616 3651 789 3718 conviciis
824 3651 1038 3735 insequitur,
1087 3645 1286 3735 postquam·
1324 3669 1407 3716 eum
1442 3649 1609 3735 precibus
1639 3656 1673 3716 et

450 3777 634 3845 blanditiis
674 3793 905 3860 corrumpere
940 3791 1012 3840 non
1043 3775 1159 3859 potuit
1194 3780 1231 3842 ut
1265 3775 1358 3843 iores
1393 3776 1560 3861 aperiret.
1595 3774 1674 3841 Alio

453 3903 530 3970 1000
563 3907 757 3968 amatorem
786 3906 908 3967 monet
937 3906 975 3965 ut
1002 3900 1191 3984 janitorem
1219 3901 1324 3967 donis
1362 3919 1470 3967 suum
1498 3895 1627 3967 iaciat:

587 4062 654 4128 Fac
679 4061 831 4147 plebem,
858 4060 947 4126 mihi
973 4061 1089 4138 crede,
1117 4068 1214 4128 tuam
1235 4063 1305 4128 :sit
1329 4079 1472 4146 semper
1496 4062 1532 4128 in
1557 4060 1617 4126 iila

628 4186 767 4253 ianitor
795 4193 829 4253 at
856 4185 1005 4252 thalami
1029 4187 1090 4270 qui
1122 4186 1211 4270 jacet
1249 4194 1331 4254 ante
1359 4188 1463 4254 iares,

1271 4315 1311 4379 Α.
1342 4313 1416 4378 Am.
1456 4311 1498 4388 ll,
1530 4310 1607 4378 259.

522 4534 579 4597 De
608 4533 792 4597 eunucho
813 4531 973 4610 puellae
1008 4533 1187 4595 custode.
1211 4560 1249 4569 -
1279 4521 1342 4588 lite
1383 4544 1398 4587 a
1429 4524 1577 4590 thalami
1616 4523 1678 4607 qai

454 4653 547 4739 jacet
578 4658 660 4718 anta
685 4651 778 4718 iares
805 4670 820 4713 a
847 4650 989 4736 propria
1009 4650 1148 4735 puellae
1181 4655 1302 4716 custos
1331 4655 1396 4716 est.
1424 4649 1471 4716 De
1500 4667 1571 4734 quo
1605 4665 1676 4714 nan

457 4777 567 4843 semei
602 4775 735 4841 mentia
765 4776 854 4842 tacta
888 4781 987 4841 asta
1025 4773 1153 4842 ceteris
1186 4775 1318 4858 poetis.
1357 4773 1512 4858 exempli
1551 4771 1674 4856 gratia,

503 5004 510 5033 ¹
528 5006 564 5053 Ci.
582 5008 612 5052 Α.
631 5006 660 5051 ΙΙ.
676 5004 806 5066 Zingerle,
820 5001 1002 5051 Oaidz'aaaaa
1016 5002 1078 5050 seia
1093 4999 1276 5061 Varianam,
1296 5005 1354 5064 eta,
1367 5005 1430 5052 fasc.
1448 5005 1467 5061 Ι,
1484 5017 1509 5066 ρ,
1524 5003 1562 5051 ai.
