4209 6184
926 850 1084 910 -ll—

385 1037 652 1105 recordabatur.
671 1036 742 1103 Cur
769 1043 887 1104 autem
916 1057 1046 1105 uxores
1069 1061 1088 1105 a
1116 1041 1253 1106 maritis
1276 1058 1405 1124 parum
1430 1046 1610 1120 amentur,

378 1162 534 1212 causam
556 1146 695 1230 aperit:
1598 1155 1602 1164 ‘

521 1286 591 1355 Huc
611 1295 663 1354 est
692 1306 822 1355 uxeres
852 1289 948 1373 quud
980 1309 1053 1355 nen
1090 1290 1243 1376 patiatur
1270 1291 1411 1356 amari:

565 1412 790 1482 Conveniunt
821 1415 915 1492 illae,
943 1434 1028 1482 cunr
1063 1416 1221 1493 voluere,
1255 1415 1335 1481 viri.

1243 1527 1282 1588 Α.
1302 1529 1374 1588 Am.
1394 1522 1450 1599 ΙΙΙ,
1469 1522 1546 1590 585.

454 1662 584 1729 Decere
619 1663 727 1730 etiam
767 1665 815 1730 ait
856 1683 986 1733 uxeres
1022 1683 1041 1730 a
1076 1665 1215 1731 maritis
1248 1664 1434 1740 custodiri,
1465 1665 1613 1742 ironice,

388 1792 552 1871 utputo:
1278 1805 1282 1817 ·

524 1919 639 2005 Nupta
656 1921 775 1987 virum
791 1923 914 1989 timeat
931 1943 939 2002 ;
955 1929 1029 1990 rata
1044 1923 1089 1989 sil
1114 1922 1276 1990 custodia
1294 1929 1438 2007 nuptae.

565 2043 638 2110 Hoc
667 2044 779 2120 decet,
810 2047 878 2112 bec
903 2048 998 2130 leges
1026 2047 1156 2131 jusque
1182 2045 1371 2130 pudorque
1398 2046 1535 2131 jubent.

1246 2177 1282 2238 l.
1302 2177 1377 2238 Ata.
1396 2172 1453 2248 ΙΙΙ,
1473 2171 1549 2237 613.

456 2303 494 2368 ln
537 2323 693 2383 summa,
730 2323 800 2372 uon
841 2306 1022 2373 immerito
1068 2307 1323 2373 animadvertit
1373 2305 1412 2372 0.
1462 2305 1619 2372 Ribbeck

390 2428 558 2495 Ovidium
602 2429 647 2494 de
690 2430 921 2496 matrimonio
959 2430 1083 2521 eadem
1126 2432 1258 2497 sentire
1296 2449 1387 2514 quae
1427 2429 1620 2497 Menander

390 2554 426 2619 in
466 2553 696 2621 cemoediis¹.
737 2554 807 2621 Nos
843 2561 963 2622 aulem
998 2556 1175 2622 addemus
1208 2573 1339 2622 uxores
1372 2556 1465 2621 male
1495 2555 1620 2620 audire

390 2679 485 2762 apud
517 2677 697 2757 Ovidium,
742 2697 812 2746 neu
841 2679 960 2746 solum
982 2680 1078 2764 quud
1115 2680 1352 2747 Menandrum
1385 2680 1446 2746 ille
1473 2686 1618 2746 secutus

391 2803 448 2881 sit,
482 2804 678 2870 sedetiam
714 2805 810 2891 qued
842 2822 990 2871 suarum
1022 2804 1099 2890 ipse
1138 2823 1294 2872 uxorum
1327 2804 1545 2871 meminerit.

402 2990 406 2998 ·
459 2978 516 3049 De
537 2979 734 3043 vocabulo
758 2977 971 3056 «puella».
1007 3020 1046 3028 -
1078 2984 1246 3050 Attamen
1282 3000 1364 3049 vere
1394 2980 1464 3048 dici
1505 2987 1620 3066 petest

392 3102 559 3171 Ovidium
586 3125 651 3190 pru
681 3106 795 3173 nihilo
825 3107 957 3173 habere
987 3108 1105 3191 qualis
1143 3106 1436 3187 sit-feminarum
1466 3107 1509 3172 ele
1538 3106 1620 3190 qui-

394 3228 460 3295 bus
501 3237 581 3315 agat
612 3231 782 3297 conditio.
819 3229 1108 3316 Qualescumque
1147 3231 1228 3298 illae
1259 3236 1355 3308 sunt,
1384 3232 1459 3297 sive
1489 3231 1620 3316 innup-

392 3359 468 3432 tae,
512 3355 587 3422 sive
637 3361 782 3440 nuptae,
832 3374 892 3422 eas
933 3356 1122 3440 designare
1173 3357 1262 3422 salet
1309 3374 1380 3422 rino
1423 3354 1620 3438 eodemque

393 3478 569 3545 vocabule
605 3501 620 3541 a
642 3481 761 3566 puella
783 3503 812 3546 n.
845 3481 920 3560 Quo
956 3482 1131 3548 vocabulo
1162 3482 1271 3548 latine
1305 3480 1349 3545 ab
1375 3499 1416 3547 ec
1445 3454 1620 3565 exprimi-

392 3608 451 3668 tur
480 3605 579 3687 qued
613 3603 740 3688 gallice
772 3605 890 3672 dicere
921 3606 1082 3671 solemus
1113 3627 1126 3667 u
1151 3605 1257 3688 jeune
1290 3606 1434 3671 lemme.
1459 3627 1474 3667 n

460 3727 502 3795 Ut
532 3730 706 3815 exemplis
744 3737 834 3809 utar,
867 3730 1050 3809 Helenam,
1084 3729 1230 3795 Menelai
1268 3748 1431 3805 uxorem,
1462 3729 1619 3814 puellam

393 3859 610 3938 nuncupat:

572 3994 661 4074 Quid
680 3998 749 4086 nisi
766 3998 918 4064 consilio
938 4003 991 4064 est
1008 4016 1070 4063 usa
1094 3996 1211 4083 puella
1231 3995 1319 4064 tue‘?

1253 4126 1289 4188 Α.
1316 4127 1388 4187 ltu.
1412 4121 1452 4193 ΙΙ,
1474 4122 1550 4188 368.

460 4263 660 4350 Penelopen
698 4284 852 4350 quoque,
895 4265 967 4350 jam
999 4270 1076 4331 tum
1112 4264 1222 4330 Ulixis
1264 4283 1425 4343 uxorem,
1461 4265 1619 4350 puellam

393 4394 513 4455 tamen
547 4389 703 4476 appellat
731 4409 737 4457 :
1399 4380 1404 4387 ’

527 4532 626 4598 Certe
653 4549 717 4616 ege
746 4552 836 4617 quae
864 4535 1014 4604 ineram,
1048 4538 1080 4598 te
1116 4515 1331 4610 discedente,
1369 4533 1499 4617 puella,

572 4657 738 4723 Protinus
772 4662 809 4722 ut
834 4656 968 4734 venias,
993 4652 1081 4722 lacta
1113 4657 1259 4722 videbun
1286 4675 1389 4722 artua.
1487 4682 1489 4686 ·

622 4773 629 4781 ”
1316 4785 1392 4846 Mer.
1422 4778 1444 4858 1,
1477 4782 1551 4848 lla.

440 4977 447 5007 ¹
466 4979 494 5026 Ο,
511 4979 638 5038 Ribbeck,
656 4972 748 5025 Gcsclt.
766 4975 814 5024 det·
836 4973 907 5024 rdni.
924 4971 1013 5024 Dicltt.
1027 4978 1056 5025 T.
1072 4978 1105 5037 ΙΙ,
1121 4991 1147 5038 p.
1163 4976 1208 5026 aet
1222 4992 1228 5025 :
1242 4977 1290 5049 Dic
1303 4977 1358 5024 Ehe
1372 4976 1421 5040 gllt
1434 4978 1490 5024 ihm
1506 4978 1621 5025 wieder

396 5058 619 5107 Menandrischen
630 5059 758 5106 Kombdic
770 5059 810 5106 als
820 5059 862 5105 eiu
874 5058 991 5106 Zusland
1007 5056 1222 5118 philislerhailer
1234 5057 1463 5120 Langweiligkeit.
