4209 6184
991 854 1149 914 ..34-

458 1039 523 1107 loci
559 1059 784 1107 communes
830 1040 945 1107 Unum
982 1049 1102 1109 tamen
1140 1041 1316 1126 excipiam
1352 1038 1443 1106 Artis
1478 1037 1676 1106 Amotort'oe

452 1164 586 1242 locum,
604 1166 640 1231 in
659 1185 730 1251 quo
747 1165 886 1250 puellae
905 1166 1093 1251 cujusdam
1121 1166 1270 1233 avaritia
1294 1184 1365 1233 non
1385 1184 1448 1251 per
1462 1164 1672 1238 sententias,

398 1282 401 1286 “
453 1290 515 1355 sed
540 1308 601 1374 per
628 1289 888 1375 lepidissimam
914 1296 948 1358 et
972 1290 1131 1358 veritatis
1154 1291 1402 1377 plenissimam
1429 1289 1672 1356 narrationem

454 1414 689 1497 vituperatur.
725 1413 867 1481 Scilicet
903 1420 1045 1481 nostros
1080 1416 1126 1480 ob
1157 1416 1281 1481 oculos
1316 1420 1568 1501 proponuntur
1601 1417 1674 1479 tres

452 1555 636 1621 personae,
683 1545 832 1616 amator,
883 1539 1029 1606 domina
1071 1546 1105 1606 et
1137 1540 1279 1606 institor·
1326 1560 1333 1614 ;
1375 1546 1409 1607 et
1448 1537 1672 1604 vividissime

449 1663 664 1730 describitur
710 1664 841 1748 quihus
882 1665 1019 1730 artibus
1063 1665 1209 1731 domina
1249 1684 1326 1742 usa,
1362 1683 1453 1750 quae
1485 1664 1552 1730 sihi
1586 1663 1672 1729 velit

449 1789 532 1864 emi,
570 1789 613 1887 an
647 1795 805 1856 amatore
838 1789 932 1857 dono
957 1790 1135 1874 accipiat:

582 1931 726 1997 lnslitor
744 1930 803 1995 -ad
835 1930 1018 1997 dominam
1055 1932 1174 1998 veniet
1201 1931 1398 1998 discinctus
1427 1948 1599 2004 emacem,

625 2054 793 2140 Expediet
826 2073 962 2122 merces
989 2061 1093 2141 leque
1125 2056 1270 2123 sedente
1299 2075 1418 2134 suas;

581 2179 673 2259 Quas
705 2180 765 2245 illa
792 2180 974 2263 inspicias,
1003 2199 1129 2264 sapere
1161 2186 1199 2247 ut
1231 2180 1385 2257 videare,
1421 2182 1570 2266 rogabit,

623 2303 751 2370 Oscula
778 2303 907 2371 deinde
938 2305 1036 2370 dabit
1070 2325 1077 2380 ;
1106 2304 1235 2371 deinde
1266 2305 1403 2389 rogabit
1432 2322 1543 2371 ernas.

578 2428 650 2495 lloc
684 2428 758 2494 lore
790 2433 996 2495 contentam
1022 2429 1155 2495 multos
1181 2429 1314 2512 jurabit
1348 2429 1383 2493 in
1415 2447 1541 2507 annos,

624 2551 725 2619 Nunc
757 2571 847 2637 opus
877 2571 954 2620 esse
985 2553 1065 2629 sibi,
1096 2572 1192 2620 nnnc
1224 2554 1314 2620 hene
1345 2554 1438 2621 dicet
1471 2554 1554 2621 emi.

582 2679 617 2745 Si
650 2697 722 2745 non
754 2697 834 2746 esse
861 2679 970 2755 domi,
998 2699 1090 2765 quos
1120 2681 1194 2758 deo,
1226 2679 1420 2747 causabere
1450 2697 1632 2756 nummos,

625 2804 753 2871 littera
782 2811 962 2889 poscetur,
999 2823 1044 2870 ne
1079 2804 1248 2870 didicisse
1270 2804 1380 2889 juvet.

582 2929 684 3007 Quid,
718 2929 820 3013 qnasi
854 2928 963 2995 natali
996 2947 1081 2995 cum
1113 2929 1226 3014 poscit
1258 2947 1409 2995 munera
1434 2928 1519 3006 libe,

620 3054 670 3130 Et,
698 3029 864 3139 quotiens
892 3073 983 3140 opus
1011 3060 1076 3131 est,
1106 3054 1266 3121 nascitur
1293 3054 1351 3120 illa
1383 3051 1489 3119 sibi‘?

577 3179 680 3258 Quid,
717 3198 801 3245 cnm
829 3180 993 3246 mendaci
1021 3180 1154 3246 damno
1177 3180 1427 3247 maestissima
1457 3179 1585 3263 plorat,

623 3304 844 3389 Elapsusque
882 3322 969 3370 cava
1004 3303 1153 3388 fingitur
1187 3322 1274 3371 aure
1309 3301 1444 3387 lapis‘?

765 3417 769 3423 ’
1201 3435 1240 3495 Α.
1267 3433 1339 3493 Ana.
1373 3428 1397 3505 l,
1429 3428 1490 3493 lul
1519 3447 1596 3513 sqq.

510 3625 715 3693 Puellarum
743 3627 921 3693 fallaciam
957 3627 1115 3694 multum
1144 3628 1244 3694 abest
1280 3632 1317 3692 ut
1345 3625 1492 3691 Ovidius
1524 3630 1666 3691 tanturn

442 3754 636 3820 detestetur
668 3756 842 3836 quantum
875 3770 999 3818 earnm
1031 3754 1232 3821 avaritiam.

507 3880 612 3975 Putat
635 3878 732 3943 enim
757 3895 829 3943 non
849 3894 953 3961 posse
973 3876 1048 3944 lieri
1078 3884 1116 3944 ut
1140 3876 1281 3962 puellae
1303 3893 1375 3942 non
1405 3875 1476 3942 sint
1500 3874 1658 3942 fallaces.

443 4007 556 4072 Etiam
579 4023 638 4070 eas
655 4003 852 4087 praeceptis
867 4001 944 4087 ipse
960 4003 1117 4080 instruit,
1137 4010 1177 4070 ut
1191 4003 1358 4069 custodes
1370 4001 1509 4086 possint
1519 4000 1641 4066 tallere
1656 4020 1663 4066 :

625 4199 631 4209 .
752 4151 792 4211 ut
819 4145 932 4217 iollas,
965 4146 1009 4210 ad
1046 4164 1122 4212 mea
1153 4164 1253 4213 sacra
1281 4144 1373 4211 veni.

1262 4274 1300 4335 Α.
1329 4274 1403 4335 Ant.
1431 4268 1487 4347 ΙΙΙ,
1520 4267 1596 4334 olo.

508 4414 683 4482 Nimirum
720 4414 927 4480 fallentibus
957 4414 1121 4498 ignoscit,
1153 4411 1236 4497 quia
1265 4413 1441 4479 formosae
1466 4417 1562 4477 sunt.
1591 4402 1664 4476 vSed

441 4544 483 4608 de
524 4540 585 4606 illa
629 4539 745 4606 Ovidii
783 4539 962 4623 opinione,
1009 4533 1101 4623 qliae
1144 4537 1295 4603 minime
1333 4535 1552 4621 neglegenda
1582 4531 1661 4611 est,

440 4672 562 4751 postea
593 4664 826 4730 disseremus.

505 4881 620 4945 Pauca
645 4881 784 4944 tanturn
815 4876 857 4942 de
885 4875 1033 4941 laudum
1061 4873 1229 4940 aviditate
1255 4891 1347 4958 qnae
1376 4871 1506 4957 puellis
1534 4874 1663 4938 natura

437 5005 542 5071 insita
579 5011 631 5069 est
662 5001 810 5068 Ovidius
841 4999 971 5068 altnlit.
1012 4999 1051 5065 Et
1080 4999 1140 5065 illa
1174 4998 1320 5083 quidem
1359 4998 1512 5064 aviditas
1547 4995 1663 5062 notis-
