4209 6184
978 841 1135 902 -7tl-

439 1046 529 1106 rare,
571 1028 673 1113 cujus
711 1029 747 1094 in
788 1030 992 1114 tragoediis,
1023 1038 1062 1097 ut
1091 1047 1266 1116 personae
1307 1030 1487 1114 antiquae,
1522 1029 1573 1096 sic
1608 1046 1666 1094 res

438 1154 631 1222 admodum
660 1161 821 1223 recentes
851 1160 948 1222 sunt.

505 1278 663 1363 Denique
688 1279 719 1345 si
751 1298 807 1346 res
833 1285 867 1346 et
894 1280 1000 1345 verba
1026 1280 1062 1345 iu
1088 1279 1204 1347 Ovidii
1234 1278 1418 1346 amatoriis
1442 1278 1666 1346 carminibus

438 1401 650 1488 perpendes,
677 1403 756 1480 hoc,
785 1421 864 1470 meo
888 1404 1033 1488 uiridem
1060 1403 1205 1489 iudicio.
1232 1403 1350 1490 dicere
1377 1403 1526 1488 poteris:
1550 1401 1664 1469 Verba

438 1527 652 1612 plerumque
682 1528 776 1607 trita,
808 1546 826 1594 e
857 1529 975 1595 medio
1009 1535 1152 1614 sumpta
1189 1529 1369 1595 curiosam
1402 1527 1499 1593 illam
1530 1525 1665 1593 Horatii

438 1651 641 1718 felicitatem
672 1653 907 1720 nullomodo
937 1653 1137 1719 imitantur.
1171 1654 1263 1720 Satis
1290 1653 1385 1720 enim
1416 1656 1556 1719 constat
1585 1649 1665 1717 Ovi·

437 1774 537 1860 dium
576 1776 719 1861 ingenio
750 1777 863 1860 magis
907 1756 1102 1845 indulsisse
1136 1795 1245 1862 quam
1280 1783 1319 1843 ut
1353 1777 1446 1842 inter
1483 1775 1665 1873 scribendi

439 1898 593 1967 artifices
643 1906 907 1979 numeraretur.
951 1901 1096 1991 Valent,
1122 1903 1232 1987 igitur
1271 1903 1331 1968 illa
1377 1901 1538 1968 carmina
1590 1916 1664 1966 non

439 2025 558 2092 verbis
588 2025 650 2091 sed
684 2025 803 2091 rebus.
839 2025 906 2091 Res
936 2044 1022 2093 sane
1055 2046 1147 2112 quae
1182 2027 1230 2093 ihi
1261 2031 1460 2094 tractantur
1490 2041 1561 2091 non
1587 2042 1665 2108 per·

439 2150 560 2236 magni
587 2151 759 2216 momenti
792 2169 870 2216 esse
893 2150 1022 2228 lateor;
1051 2169 1143 2236 quae
1164 2151 1365 2237 legentibus
1390 2147 1663 2216 delectationem

438 2274 556 2358 potius
599 2273 754 2340 atterunt
784 2291 891 2357 quam
923 2276 1196 2342 admirationem
1236 2280 1393 2341 movent.
1436 2273 1502 2340 Sed
1537 2290 1662 2338 earum

439 2417 561 2465 rerum
592 2400 785 2484 descriptio
816 2399 951 2484 aliquid
974 2401 1156 2468 sincerum
1189 2406 1304 2479 sonat,
1332 2407 1367 2467 et
1394 2398 1560 2466 Ovidium
1587 2397 1679 2471 veri.

437 2524 639 2590 studiosum
663 2524 773 2591 luisse
802 2529 962 2591 testatur.
990 2525 1056 2605 Qui
1083 2534 1202 2593 aulem
1224 2544 1306 2592 vera
1331 2524 1497 2592 versibus
1524 2523 1664 2590 sincere

437 2649 624 2732 expressit,
653 2649 682 2714 is
706 2667 822 2733 neque
843 2653 985 2734 ternpus
1011 2669 1127 2736 neque
1148 2669 1294 2736 operam
1319 2650 1467 2717 omnino
1492 2647 1661 2734 perdidit.

1064 3206 1133 3254 Vidi
1150 3222 1183 3255 ac
1200 3205 1319 3268 perlegi,
1348 3201 1350 3204 ’

912 3295 1040 3344 Lutetiae
1058 3295 1245 3348 Parisiorum.
1264 3295 1294 3342 in
1313 3292 1454 3351 sorbonn,

793 3374 797 3381 ’
900 3400 923 3432 a.
945 3384 972 3433 d.
990 3384 1014 3432 X
1035 3383 1105 3434 Kal:
1121 3383 1199 3447 Sept.
1222 3398 1291 3434 ann.
1317 3380 1462 3430 MDCCCC

719 3474 874 3523 Facultatis
893 3473 1065 3521 Litterarum
1083 3473 1111 3521 in
1130 3472 1322 3523 Universllate
1340 3469 1496 3518 Parisiensi
1513 3468 1647 3516 Deeanus

1083 3563 1117 3609 A.
1137 3559 1302 3610 CROlSET.

523 3773 525 3778 ,
560 3705 650 3769 Typis
668 3706 828 3756 mandetur.

435 3794 607 3844 Academiae
627 3794 797 3843 Parisiensis
815 3795 919 3842 Rector-

618 3882 780 3931 GltEAlll).
