4209 6184
1042 849 1139 910 -qq
1160 884 1197 892 -

498 1024 751 1103 custodiendae
793 1040 1036 1124 praepositum
1087 1038 1236 1106 Ovidius
1288 1041 1324 1105 in
1371 1041 1514 1107 duobus
1559 1038 1725 1106 Amorum

497 1160 720 1228 carminibus
755 1161 809 1249 (ll,
843 1183 891 1240 n;
925 1163 965 1241 ll,
998 1164 1049 1247 nr)
1091 1171 1168 1231 orat
1209 1169 1259 1240 ut,
1303 1166 1466 1232 custodia
1497 1165 1724 1250 aliquantum

498 1284 660 1362 remissa,
702 1288 836 1352 amanti
876 1287 942 1353 sibi
981 1287 1110 1354 faveat.
1150 1288 1255 1372 Apud
1303 1288 1482 1355 Tibullum
1525 1295 1644 1356 autern
1691 1296 1725 1357 et

497 1408 723 1493 Propertium
744 1410 787 1476 de
811 1412 1068 1497 qualicumque
1088 1414 1237 1480 custode
1260 1413 1394 1497 agilum
1417 1414 1513 1498 apud
1540 1412 1722 1489 Ovidium,

497 1534 559 1617 qui
588 1535 744 1603 custodit
770 1539 962 1604 eunuchus
996 1544 1061 1617 est,
1088 1539 1234 1605 nomine
1263 1539 1410 1623 Bagoas.
1442 1538 1540 1618 Quod
1570 1558 1656 1606 sane
1679 1540 1725 1605 de

498 1658 741 1726 Romanorum
787 1661 886 1728 illius
923 1664 1097 1747 temporis
1131 1663 1293 1729 moribus
1332 1663 1528 1748 inquirenti
1572 1663 1750 1729 minime.

498 1783 758 1868 neglegendum
794 1793 858 1854 est.

563 2013 621 2080 De
641 2015 780 2094 puella
801 2015 912 2108 intra
934 2019 1098 2082 domum
1119 2033 1249 2088 suam.
1298 2059 1336 2069 -
1374 2020 1559 2099 Quomodo
1602 2019 1724 2104 puella

497 2143 593 2209 domi
633 2143 848 2229 plerumque
893 2147 1003 2213 vilain
1049 2148 1165 2232 degat,
1222 2147 1364 2214 duobus
1409 2145 1574 2212 versibus
1618 2149 1722 2229 poeta

497 2266 654 2334 breviter
678 2272 835 2355 exponit,
866 2290 949 2338 curn
976 2272 1188 2339 dehortatur
1214 2272 1406 2339 Corinnam
1426 2289 1471 2336 ne
1500 2275 1599 2335 trans
1623 2286 1723 2333 mare

433 2384 436 2391 '
498 2393 758 2477 proficiscatur,
792 2395 945 2462 dicens:

630 2537 754 2603 Tutius
779 2546 831 2605 est
862 2540 994 2606 lovisse
1023 2547 1154 2618 lorum,
1179 2540 1308 2624 legisse
1336 2538 1486 2615 libellos

672 2662 871 2730 Threiciam
900 2664 1020 2749 digitis
1048 2664 1272 2749 increpuisse
1301 2662 1430 2747 lyram.

1351 2789 1426 2852 Anu
1452 2785 1494 2864 ll,
1522 2805 1570 2864 xr,
1598 2784 1652 2850 31.

563 2949 598 3015 si
629 2949 720 3016 seire
743 2949 831 3016 velis
859 2951 920 3034 qui
955 2950 1026 3017 sint
1051 2950 1089 3016 hi
1118 2949 1240 3024 libelli,
1282 2948 1363 3015 vide
1401 2945 1491 3013 Artis
1524 2942 1723 3010 ,llrlulorlue

495 3072 629 3139 librum
671 3074 728 3152 Ill,
774 3074 838 3141 329
868 3094 960 3159 sqq,
996 3075 1055 3140 ubi
1092 3080 1354 3142 enumerantur
1395 3078 1519 3158 poetae
1564 3087 1720 3156 quorum

497 3215 603 3280 opera
639 3196 756 3281 legere
782 3198 921 3282 puellae
945 3199 1031 3265 utile
1065 3200 1143 3275 erit,
1178 3198 1314 3265 scilicet
1341 3216 1360 3262 e
1387 3196 1525 3283 graecis
1558 3194 1722 3261 Callima-

496 3323 598 3391 chus.
632 3323 846 3401 Simonides,
878 3324 1079 3399 Anacreon,
1106 3324 1261 3407 Sappho,
1296 3322 1501 3396 Menander,
1542 3339 1560 3386 e
1600 3319 1721 3385 latinis

496 3446 712 3530 Propertius,
738 3447 871 3522 Gallus,
906 3447 1081 3521 Tibullus,
1112 3447 1223 3512 Varro
1245 3447 1439 3526 ,Atacinus
1475 3444 1653 3529 Vergilius
1688 3449 1720 3508 et

496 3572 572 3656 ipse
585 3569 743 3638 Ovidius.
762 3571 975 3657 Quanquam
994 3572 1092 3638 enim
1110 3570 1294 3638 rarissime
1320 3570 1558 3636 inveniuntur
1581 3567 1721 3653 puellae

494 3714 586 3779 quae
613 3714 650 3761 re
677 3715 761 3763 vera
786 3697 909 3765 doctae
933 3703 1029 3771 sunt,
1063 3703 1183 3763 tamen
1218 3694 1410 3780 pleraeque
1445 3694 1570 3759 doctae
1607 3690 1718 3756 videri

496 3820 636 3893 volunt,
667 3821 817 3907 ideoque
846 3823 998 3889 libenter
1027 3823 1095 3888 sibi
1123 3827 1245 3906 poetas
1268 3837 1375 3886 curae
1408 3836 1487 3884 esse
1509 3817 1674 3902 tingunt:

631 3967 721 4034 Sunt
748 3972 868 4033 tamen
890 3974 923 4034 et
953 3968 1090 4044 doctae,
1119 3966 1304 4032 rarissima
1335 3963 1449 4042 turba,
1479 3960 1640 4047 puellae:

674 4092 792 4158 Altera
824 4109 895 4158 non
925 4091 1050 4157 doctae
1076 4091 1192 4166 turba,
1229 4087 1291 4193 sed
1318 4105 1397 4154 esse
1423 4088 1565 4155 volunt.

1328 4220 1367 4282 l.
1397 4221 1471 4280 lin.
1496 4212 1537 4290 ΙΙ,
1573 4211 1650 4277 281.

564 4375 719 4441 Musicae
756 4396 898 4460 quoque
940 4375 1128 4460 indulgere
1169 4374 1298 4449 solent,
1333 4375 1409 4440 sive
1450 4378 1598 4447 canunt,
1643 4371 1720 4437 sive

498 4500 595 4584 lyrae
622 4508 683 4565 aui
713 4500 870 4566 citharae
902 4518 1047 4584 operam
1077 4499 1186 4564 dant:

630 4643 722 4710 Haec
748 4645 831 4728 quia
859 4644 963 4710 dulce
986 4643 1095 4720 canit,
1122 4644 1304 4727 tlectitque
1330 4640 1500 4708 facillima
1532 4655 1669 4713 vocem,
1758 4647 1761 4653 ·

630 4874 721 4941 Haec
752 4876 922 4959 querulas
953 4876 1065 4941 habili
1099 4875 1277 4961 percurrit
1306 4872 1433 4958 pollice
1461 4869 1628 4937 chordas

1283 5001 1356 5065 lm.
1386 4997 1427 5074 ll,
1460 5014 1507 5073 lv,
1538 4993 1651 5061 2527.
