4209 6184
941 870 1100 932 -ssss-

401 1078 494 1147 quae
527 1058 635 1125 talem
664 1058 807 1142 qualem
847 1060 884 1127 in
924 1059 1049 1128 Ovidio
1077 1079 1120 1128 ex
1156 1067 1229 1128 toto
1268 1059 1474 1128 carminum
1510 1030 1632 1126 tenore

402 1184 703 1271 significationem
732 1185 938 1269 praebcant.

469 1308 652 1376 Praeterea
668 1306 828 1390 Ovidius,
847 1327 932 1377 cum
956 1310 1110 1395 quaesit
1140 1327 1205 1377 sua
1232 1308 1347 1394 ipsius
1371 1312 1632 1377 clamatorum

402 1435 541 1503 indoles
575 1432 764 1502 ostendere
794 1432 883 1513 vult,
916 1433 968 1501 sic
993 1432 1180 1518 loquitur:

581 1558 663 1635 Nos,
694 1557 846 1625 hilarem
871 1560 1065 1645 populum,
1097 1557 1230 1624 lemina
1264 1558 1354 1624 laeta
1387 1559 1495 1644 capit.

1242 1690 1280 1748 Α.
1299 1692 1372 1748 ,lm
1400 1680 1458 1762 ΙΙΙ,
1487 1682 1563 1753 518.

473 1825 572 1905 Quod
598 1843 682 1893 oum
703 1826 759 1893 his
788 1843 880 1911 quae
897 1844 1007 1910 supra
1033 1824 1193 1891 diximus
1220 1823 1356 1908 optime
1382 1828 1630 1911 congruitln

404 1949 466 2018 illo
494 1957 614 2017 autem
641 1951 746 2017 hilari
778 1956 984 2019 amatorum
1020 1949 1212 2036 populosi
1242 1949 1332 2017 torte
1368 1950 1568 2032 Horatium,
1595 1962 1630 2023 at

404 2078 499 2141 certe
527 2074 628 2142 nullo
658 2076 765 2143 modo
792 2075 985 2153 Catullum,
1016 2074 1211 2150 Tibullum,
1240 2073 1464 2159 Propertium
1508 2097 1634 2148 nume-

405 2217 484 2265 rare
516 2217 672 2285 aequum
700 2199 792 2277 erit;
824 2199 886 2285 qui
916 2199 1035 2267 acrius
1069 2204 1102 2265 et
1133 2198 1385 2266 vehemenllus
1418 2212 1633 2274 amaverunt

405 2341 516 2408 quam
545 2324 649 2390 utin
678 2325 833 2391 amando
859 2325 1077 2391 hilaritatem
1111 2323 1320 2390 retinerent.

472 2450 606 2535 Operae
634 2451 741 2518 eliam
761 2451 918 2536 pretium
951 2455 1005 2517 est
1025 2449 1310 2517 animadvertere
1340 2449 1520 2530 Ovidium,
1547 2472 1631 2520 cum

406 2573 457 2645 de,
481 2575 684 2659 quaerenda
725 2576 843 2661 puella
879 2575 1064 2662 praecipit,
1100 2575 1369 2669 comparatione
1403 2575 1455 2643 uti
1489 2596 1581 2663 quae
1612 2598 1632 2645 a

406 2701 596 2768 venatione
620 2706 773 2786 petatur,
806 2701 962 2786 exempli
997 2700 1145 2786 gratia:

543 2825 611 2892 Sed
640 2831 675 2892 tu
705 2826 898 2913 praecipue
926 2825 1048 2893 curvis
1079 2841 1206 2891 ocoorc
1225 2823 1386 2891 theatris.

1332 2961 1370 3017 l.
1390 2960 1464 3018 lm.
1483 2951 1514 3030 l,
1532 2952 1587 3019 89.

540 3091 629 3172 Quid
647 3076 711 3160 tibi
727 3091 902 3160 femineos
918 3098 1041 3160 coctus
1059 3089 1238 3158 occulitur
1257 3098 1360 3177 aptos

585 3214 833 3285 Enumercm‘?

1290 3314 1329 3373 l.
1347 3315 1419 3373 lm.
1447 3305 1472 3386 Ι,
1509 3309 1597 3376 253.-

540 3448 718 3516 Hactenus
749 3448 845 3514 unde
879 3448 976 3555 legas
998 3448 1110 3534 ·quod
1139 3465 1250 3547 ames,
1285 3447 1347 3514 ubi
1380 3447 1469 3516 relic
1505 3470 1631 3536 ponas.

1315 3587 1354 3640 tl.
1372 3587 1446 3642 Am.
1466 3576 1492 3656 Ι,
1509 3577 1586 3646 263.
1698 3577 1700 3580 ’

474 3717 545 3785 Ista
583 3716 804 3803 comparatio
837 3737 919 3786 cum
957 3719 1146 3796 inurbana,
1186 3725 1262 3786 tum
1302 3737 1374 3786 non
1412 3724 1484 3787 tam
1520 3723 1634 3788 amori

407 3859 519 3927 quam
557 3841 678 3908 nescio
712 3842 772 3909 oui
809 3843 943 3910 amoris
976 3843 1222 3910 exercitationi
1250 3848 1285 3910 et
1315 3843 1401 3911 ludo
1433 3851 1513 3930 apta
1543 3846 1634 3913 mihi

408 3966 563 4045 videtur,
599 3972 633 4033 et
673 3968 779 4053 plane
818 3968 974 4036 ostendit
1009 3972 1150 4054 poetam
1181 3969 1328 4036 lascivia
1371 3970 1486 4055 magis
1523 3988 1633 4055 quam

409 4110 494 4160 vero
526 4109 648 4159 amore
683 4092 793 4178 tangi,
829 4092 925 4177 quod
954 4109 1040 4158 sane
1070 4110 1176 4160 nemo
1204 4110 1277 4160 non
1311 4091 1437 4160 nescit.

476 4298 534 4360 De
555 4293 707 4361 amoris
729 4293 949 4360 doloribus.
970 4288 1124 4357 -Cum
1145 4308 1201 4356 res
1220 4289 1267 4358 ita
1287 4290 1371 4368 sint,
1395 4309 1440 4357 ne
1459 4291 1635 4362 miremur

410 4414 579 4482 Ovidium
611 4415 655 4481 dc
689 4415 874 4482 doloribus
906 4414 1055 4500 quibus,
1075 4432 1176 4481 amor
1209 4419 1463 4499 corrumpatur
1505 4433 1634 4501 parum

410 4539 655 4626 significanter
693 4538 893 4625 scripsisse.
938 4539 985 4606 lis
1032 4538 1129 4605 enim
1170 4540 1232 4625 qui
1271 4539 1390 4625 potius
1432 4539 1469 4606 in
1514 4559 1637 4609 amore

410 4664 541 4732 ludunt
587 4683 697 4751 quam
739 4682 824 4732 vere
870 4670 993 4731 amant
1030 4682 1138 4731 curae
1180 4669 1214 4732 et
1255 4663 1516 4734 sollicitudines
1558 4685 1636 4734 esse

411 4795 575 4877 possunt,
612 4791 688 4859 veri
716 4789 858 4857 dolores
884 4806 957 4856 non
987 4795 1152 4874 possunt.
1183 4788 1351 4857 Attamen
1382 4789 1463 4858 illos
1494 4790 1635 4859 dolores

411 4934 612 4985 memorare
637 4935 709 4985 non
738 4915 871 4982 oblitus
898 4917 962 4992 est,
993 4919 1027 4980 et
1052 4913 1087 4979 id
1108 4914 1253 5000 quidem
1276 4915 1358 4982 iacit
1379 4915 1466 4983 satis
1486 4916 1637 5003 egregiis

412 5043 590 5122 versibus,
622 5049 692 5110 ut:
