4209 6184
923 875 1081 935 -53-

455 1060 514 1127 Est
543 1061 648 1127 etiam
680 1063 741 1128 ubi
770 1062 887 1146 lepida
918 1063 1189 1129 narratiuncula
1203 1061 1413 1128 ostendatur
1428 1057 1609 1144 quomodo

389 1189 539 1260 amator,
579 1186 657 1271 ipso
693 1185 819 1252 Ovidio
858 1193 1057 1272 praesente,
1098 1203 1181 1253 cum
1230 1184 1344 1250 amica
1374 1201 1412 1250 se
1450 1183 1612 1268 gesserit.

390 1307 532 1376 Scilicet
559 1315 755 1376 amatorem
787 1318 889 1396 poeta
916 1318 1038 1377 mouet
1063 1327 1108 1376 ne
1132 1327 1293 1394 uuquam
1314 1307 1472 1393 puellam
1497 1306 1615 1373 odisse

285 1414 288 1421 ’
390 1432 487 1509 velit,
520 1435 549 1500 si
582 1453 705 1501 amore
735 1453 772 1501 se
808 1437 951 1503 liberari
989 1437 1122 1520 cupiat.
1164 1433 1261 1514 Quod
1303 1437 1342 1499 ut
1379 1433 1612 1503 demonstret.

391 1556 474 1623 talia
503 1565 646 1625 enarrat
674 1578 680 1624 :
1580 1541 1583 1545 ¹

526 1699 626 1766 Forte
662 1701 807 1767 aderam
842 1701 966 1786 juveni
994 1701 1213 1768 :dominam
1244 1699 1367 1766 lectica
1405 1699 1568 1774 tenebat:

569 1824 768 1892 Horrebant
799 1827 915 1893 saevis
948 1826 1092 1892 horrida
1124 1825 1233 1892 verba
1264 1823 1384 1895 minis,

524 1950 677 2034 Jamque
709 1952 917 2029 vadaturus
949 1972 964 2014 a
994 1951 1119 2018 lectica
1146 1949 1294 2034 prodeat
1325 1969 1354 2026 u,
1392 1948 1521 2032 inquit.

570 2075 752 2141 Prodierat
778 2095 786 2142 :
813 2077 889 2142 visa
916 2076 1069 2161 conjuge
1099 2080 1222 2141 mutus
1249 2079 1342 2151 erat;

527 2200 565 2265 Et
596 2217 738 2278 manus,
783 2207 817 2267 et
846 2201 1015 2267 manibus
1045 2199 1208 2286 duplices
1239 2198 1400 2266 cecidere
1440 2196 1614 2263 tabellae:

569 2323 673 2390 Venit
701 2325 736 2390 in
768 2308 969 2410 amplexus,
1006 2331 1113 2409 atque
1146 2325 1193 2391 ita
1223 2344 1238 2386 a
1266 2323 1381 2390 vincis
1410 2343 1439 2401 u,
1458 2323 1526 2389 ait.

1085 2446 1089 2454 ’
1149 2452 1242 2515 Rem.
1266 2451 1340 2514 timi,
1372 2447 1435 2514 663
1469 2465 1548 2532 sqq.

459 2589 750 2657 Tacitumitatem
785 2591 933 2659 Ovidius
965 2599 1004 2660 ut
1038 2594 1209 2659 virtutem
1241 2597 1323 2658 aute
1353 2608 1479 2657 omues
1517 2607 1618 2655 ama-

395 2715 463 2780 tori
500 2716 739 2783 necessariam
773 2717 979 2802 praedicat3

530 2857 723 2943 Praecipue
749 2857 921 2944 Cytherea
951 2858 1049 2942 jubet
1080 2879 1149 2926 sua
1169 2877 1271 2925 sacra
1302 2858 1437 2925 taceri:

570 2981 768 3061 Admoueo,
802 2984 921 3049 veniat
948 3000 993 3049 ue
1021 2985 1103 3068 quis
1138 2983 1182 3049 ad
1212 2982 1273 3048 illa
1308 2983 1451 3067 loquax,

1219 3110 1257 3174 Α.
1295 3111 1368 3173 Ανη.
1396 3106 1438 3185 ΙΙ,
1472 3107 1548 3174 tot.

460 3249 682 3336 Quapropter
713 3250 794 3317 illos
837 3251 1034 3318 insectatur
1062 3250 1228 3316 homines
1263 3268 1442 3335 nugarum
1480 3250 1616 3333 plenos,

394 3375 524 3452 fatuos,
551 3375 718 3460 loquaces
750 3383 784 3443 et
811 3377 1015 3452 mendaces,
1050 3377 1123 3461 qui,
1165 3375 1421 3460 quodcumque
1457 3375 1617 3449 iecerint,

394 3514 432 3562 se
459 3498 526 3564 boc
553 3497 680 3566 iecisse
706 3500 815 3584 vulgo
850 3500 995 3584 iactant,
1030 3501 1139 3566 etiam
1171 3518 1263 3585 quae.
1298 3517 1367 3566 non
1407 3499 1554 3566 iecerint
1583 3517 1620 3565 se

393 3621 520 3688 iecisse
556 3629 775 3690 asseverant.
808 3623 901 3704 Quos
934 3625 1063 3710 puellis
1095 3641 1312 3710 magnopere
1337 3625 1503 3692 vitandos
1533 3622 1619 3689 Ovi-

393 3746 475 3811 dius
515 3748 587 3812 acri
624 3753 658 3814 et
698 3748 857 3814 mordaci
892 3750 985 3833 stylo
1026 3748 1228 3834 descripsit,
1268 3749 1397 3834 utqui
1434 3766 1494 3815 eos
1528 3748 1618 3813 bene

395 3872 534 3938 noverit
566 3889 573 3936 :

528 4013 571 4079 At
602 4032 699 4082 nunc
725 4016 912 4082 nocturnis
938 4016 1061 4083 titulos
1091 4017 1313 4102 imponimus
1344 4015 1433 4083 actis

575 4137 692 4222 Atque
721 4140 852 4207 emitur
882 4157 1012 4224 magno
1048 4140 1098 4205 nil
1133 4139 1201 4205 uisi
1231 4157 1335 4223 posse
1360 4139 1471 4223 loqui.

529 4259 670 4328 Scilicet
705 4264 864 4330 excuties
896 4282 1021 4330 omnes
1054 4263 1261 4348 ubiquaque
1290 4262 1439 4349 puellas,

574 4384 725 4452 Cuilibet
762 4392 801 4454 ut
835 4389 933 4455 dicas
966 4406 972 4453 :
1000 4409 1016 4452 u
1035 4388 1124 4454 haec
1157 4406 1301 4474 quoque
1327 4393 1448 4457 nostra
1482 4387 1549 4453 iuit
1572 4385 1620 4451 »l

529 4509 578 4574 Ne
606 4509 724 4576 desint
750 4497 840 4596 quas
867 4519 906 4578 tu
935 4512 1056 4597 digitis
1086 4511 1274 4578 ostendere
1302 4513 1430 4596 possis

575 4633 615 4699 Ut
655 4653 836 4720 quamque
862 4636 1021 4722 attigeris
1049 4636 1167 4702 tabula
1199 4637 1314 4721 turpis
1343 4634 1441 4702 erit‘?

531 4756 641 4822 Parva
667 4776 797 4842 queror
830 4777 836 4824 :
868 4758 1009 4844 lingunt
1035 4759 1182 4844 quidam
1210 4778 1302 4844 quae
1326 4778 1409 4826 vera
1434 4767 1617 4844 negarent.

572 4881 612 4947 Et
638 4882 726 4948 milli
754 4901 825 4949 non
859 4902 896 4950 se
931 4885 1170 4950 concubuisse
1201 4886 1331 4950 lemnt.

1061 5069 1064 5074 .
1130 5013 1168 5074 l.
1203 5013 1275 5074 ltu.
1308 5010 1348 5081 ll.
1385 5009 1449 5076 cat
1474 5029 1552 5095 sqq.
