4209 6184
972 867 1131 926 ..33-

444 1058 546 1119 erant
570 1073 663 1139 quae
687 1055 844 1121 multum
864 1055 909 1121 de
934 1072 1077 1121 morum
1098 1054 1272 1138 probitate
1296 1058 1476 1119 curarent.
1501 1051 1565 1116 Eas
1586 1067 1669 1117 con·

445 1182 498 1243 tra
530 1178 746 1262 plerumque
774 1196 852 1245 esse
878 1198 1005 1270 avaras
1032 1184 1066 1244 et
1096 1177 1240 1243 fallaces
1257 1179 1435 1261 'expertus
1463 1180 1527 1249 est,
1560 1180 1598 1240 ut
1626 1190 1669 1238 ex

445 1303 502 1369 bis
532 1303 696 1371 versibus
724 1305 914 1371 manileslo
939 1310 1034 1389 patet
1068 1324 1075 1370 :
1700 1295 1704 1306 '

581 1448 691 1528 Saepe
717 1447 809 1514 reler
834 1453 952 1514 tecum
977 1447 1172 1515 sceleratae
1195 1446 1287 1511 lacta
1309 1444 1449 1530 puellae

625 1571 664 1637 Et
690 1590 782 1656 pone
806 1578 888 1638 ante
913 1571 1034 1639 oculos
1060 1573 1181 1638 omnia
1207 1572 1340 1636 damna
1366 1576 1445 1635 luos
1473 1585 1480 1632 :

536 1715 551 1756 n
575 1694 668 1762 lllud
693 1701 726 1762 et
751 1696 840 1762 illud
866 1696 982 1772 babet,
1011 1713 1140 1761 necea
1164 1699 1333 1760 contenta
1358 1692 1482 1775 rapina
1506 1696 1577 1768 est;

625 1820 699 1886 Sub
728 1820 874 1888 titulum
907 1826 1048 1887 nostros
1079 1820 1176 1886 misit
1206 1838 1313 1886 avara
1340 1818 1459 1883 Lares.

581 1944 638 2011 Sic
671 1945 757 2011 mibi
782 1945 926 2029 juravit,
957 1945 1009 2011 sic
1040 1963 1097 2011 me
1127 1945 1242 2028 jurata
1269 1944 1405 2020 lelellit,

624 2069 715 2134 Ante
740 2086 824 2135 suas
853 2067 1019 2152 quotiens
1047 2085 1152 2151 passa
1177 2067 1292 2151 jacere
1320 2067 1435 2134 tores!

582 2192 701 2277 Diligit
730 2193 806 2278 ipsa
833 2193 933 2270 alios,
968 2211 987 2257 a
1024 2211 1082 2258 me
1112 2193 1245 2258 lastidit
1269 2193 1418 2258 amari:

625 2317 782 2395 Institor,
813 2317 911 2384 beu!
941 2323 1065 2385 noctes
1093 2336 1183 2402 quas
1208 2317 1298 2383 mibi
1329 2334 1400 2383 non
1428 2316 1489 2382 dat
1516 2316 1634 2383 babet.
1654 2337 1670 2380 u

1217 2443 1309 2506 llere.
1335 2445 1409 2506 Aur.
1436 2440 1500 2516 ἓξὲξ)
1525 2459 1604 2524 sqq.

512 2584 559 2650 De
601 2584 805 2669 puellarum
841 2585 990 2651 avaritia
1031 2583 1069 2650 in
1110 2583 1225 2650 Ovidii
1267 2582 1490 2650 carminibus
1528 2582 1671 2667 saepius

444 2708 575 2793 agitur,
606 2709 669 2775 sed
697 2710 776 2775 non·
794 2709 837 2775 ita
867 2715 906 2774 ul
940 2707 1141 2793 plurimum
1166 2709 1208 2774 ad
1238 2709 1272 2774 iu
1301 2708 1396 2792 quod
1427 2707 1674 2774 demonstrare
1733 2782 1736 2788 ,

445 2833 615 2899 volumus
663 2833 879 2899 conferatur.
928 2832 1067 2899 Etenim
1117 2832 1312 2900 sententias
1357 2832 1520 2899 enuntiat
1573 2838 1673 2917 poeta

445 2957 701 3042 potiusquam
736 2957 826 3024 laeta
851 2964 1005 3036 enarrat,
1042 2964 1116 3023 ut:
1173 3051 1177 3059 ,

577 3096 657 3166 Non
685 3117 750 3184 ego
775 3099 947 3166 divitibus
978 3100 1083 3167 venio
1114 3104 1321 3185 praeceptor
1350 3099 1521 3175 amandi;

623 3224 677 3290 Nil
706 3244 797 3309 opus
826 3230 878 3291 est
907 3223 971 3301 illi,
1003 3225 1066 3309 qui
1092 3224 1202 3303 dabit,
1235 3230 1310 3290 arte
1341 3242 1434 3290 mea.

577 3349 708 3416 Secum
734 3349 840 3416 babet
859 3349 1047 3434 ingenium
1068 3350 1142 3433 qui,
1161 3367 1245 3416 cum
1264 3349 1350 3415 libet
1376 3371 1391 3412 a
1404 3349 1524 3434 accipe
1537 3371 1551 3412 n
1573 3349 1670 3416 dicit.

1028 3442 1034 3454 '
1203 3477 1242 3540 ,4.
1270 3479 1343 3540 ain.
1370 3473 1411 3550 n,
1440 3475 1499 3541 ror
1527 3493 1605 3561 sqq.
1658 3472 1660 3476 ’

577 3599 741 3665 Carmina
772 3598 978 3677 laudantur,
1008 3598 1071 3666 sed
1100 3617 1250 3665 munera
1277 3616 1406 3684 magna
1433 3606 1625 3684 petuntur;

622 3723 822 3790 Dummodo
849 3724 895 3791 sit
920 3723 1032 3801 dives,
1061 3722 1236 3789 barbarus
1267 3722 1342 3807 ipse
1374 3723 1501 3808 placet.

513 3938 514 3941 Ἴ
1299 3850 1338 3912 Α.
1365 3849 1438 3914 Aria.
1461 3848 1503 3928 ΙΙ,
1526 3850 1602 3918 att.

575 3945 763 4057 ingenium
798 3973 982 4057 quondam
1014 3972 1128 4039 luerat
1161 3973 1351 4056 pretiosius
1378 3991 1491 4051 auro;

582 4188 583 4197 ἵ
618 4098 662 4164 At
688 4115 787 4163 nunc
813 4094 977 4162 barbaria
1011 4104 1065 4163 est
1090 4095 1238 4181 grandis
1274 4097 1405 4164 babere
1430 4098 1533 4164 nibil.
1583 4128 1585 4130 ’

1286 4231 1358 4289 Aut.
1386 4220 1442 4300 lli,
1466 4241 1538 4300 vm,
1567 4225 1608 4290 3.Ι

506 4347 577 4413 Aut
610 4347 774 4413 hortatur
806 4347 944 4430 puellas
979 4365 1024 4413 ne
1056 4365 1184 4414 avarae
1217 4347 1290 4414 sint
1324 4365 1330 4411 :

517 4546 520 4557 ¹
575 4471 721 4548 Parcite,
751 4471 940 4549 lormosae,
968 4471 1124 4556 pretium
1152 4488 1216 4555 pro
1243 4479 1346 4540 nocte
1371 4475 1515 4559 pacisci.

1327 4602 1399 4665 Aru.
1427 4600 1452 4679 l,
1479 4620 1514 4677 x,
1541 4601 1596 4668 lt.

505 4758 648 4825 Similes
672 4765 793 4826 autem
817 4758 1012 4824 sententias
1037 4758 1132 4841 apud
1163 4758 1345 4825 Tibullum
1369 4766 1402 4826 et
1425 4761 1659 4845 Propertium,
1700 4802 1702 4805 -

438 4884 468 4949 si
509 4897 570 4951 eos
614 4883 667 4948 vel
711 4883 848 4950 cursim
883 4882 1022 4966 legeris,
1073 4881 1170 4949 haud
1213 4883 1337 4951 dubito
1393 4887 1480 4970 quin
1526 4888 1659 4954 multas

437 5007 605 5092 reperias.
632 5007 700 5073 Eae
725 5007 822 5074 enirn
853 5007 999 5092 suntin
1028 5006 1212 5075 amatoriis
1238 5008 1459 5076 carminibus
1484 5016 1657 5096 tanquam

1391 5264 1523 5308 Dautremer.
1542 5291 1568 5298 -
1583 5272 1604 5310 ἱ,
