4209 6184
967 858 1126 916 ...5¹3ss-

445 1043 551 1115 visse.
580 1061 650 1109 non
683 1062 787 1110 servo
818 1043 1010 1110 allirmanti
1036 1045 1168 1120 credet,
1191 1044 1253 1109 sed
1275 1044 1429 1109 feminae
1457 1040 1664 1125 deneganti.

442 1166 533 1247 Quin
564 1169 683 1246 etiam,
713 1169 789 1254 ipse
822 1168 852 1234 si
880 1169 1019 1249 viderit,
1057 1187 1128 1236 non
1152 1168 1272 1236 credet
1306 1174 1453 1234 tamen:

574 1310 709 1378 Viderit
742 1311 818 1396 ipse
852 1311 944 1390 licet,
977 1312 1098 1378 credet
1127 1317 1247 1378 tamen
1273 1308 1334 1376 ille
1360 1309 1518 1394 neganti,

617 1435 879 1521 Damnabitque
903 1436 1026 1504 oculos
1058 1443 1091 1503 et
1122 1436 1189 1502 sibi
1227 1435 1334 1502 verba
1373 1435 1483 1502 dabit.

573 1560 757 1646 Adspiciat
785 1561 951 1628 dominae
980 1561 1160 1639 lacrimas,
1188 1559 1342 1646 plorabit
1375 1564 1409 1626 et
1442 1561 1531 1646 ipse,

616 1686 656 1752 Et
680 1685 773 1754 dicet
805 1707 820 1749 u
848 1704 981 1772 poenas
1007 1686 1177 1772 garrulus
1212 1685 1278 1752 iste
1307 1685 1405 1751 dabit
1431 1703 1461 1750 n.

1203 1816 1273 1876 Aru.
1308 1808 1350 1886 ll,
1384 1827 1420 1885 n,
1449 1808 1490 1878 57
1513 1827 1592 1894 sqq.

506 1951 718 2037 Quanquam
753 1953 917 2020 versibus
949 1955 1082 2039 quibus
1113 1954 1150 2019 in
1177 1952 1319 2020 facilem
1352 1953 1524 2020 maritum
1564 1953 1666 2019 inve-

440 2077 538 2144 hitur
568 2076 716 2144 Ovidius
733 2076 819 2162 (lm.
840 2078 881 2157 ll,
900 2088 974 2159 xrxt
998 2079 1091 2145 inest
1119 2080 1237 2163 potius
1265 2078 1435 2162 iuvenilis
1465 2075 1664 2163 petulantia

439 2220 548 2286 quam
571 2203 735 2269 sincerus
761 2203 921 2270 veritatis
949 2205 1060 2281 color,
1103 2210 1223 2270 tamen
1258 2204 1451 2270 verborum
1478 2202 1660 2287 junctura,

405 2404 408 2410 ,
438 2345 508 2411 qua
534 2329 570 2394 in
603 2329 671 2395 boc
696 2346 802 2393 versu
832 2328 957 2407 utitur,

571 2488 662 2568 Quid
688 2491 775 2556 mibi
801 2509 886 2557 cum
911 2490 1018 2569 lacili,
1052 2491 1138 2576 quid
1171 2509 1255 2557 cum
1287 2487 1407 2555 lenooc
1433 2485 1596 2553 morito?

1245 2618 1319 2679 Atti.
1352 2610 1393 2684 ΙΙ,
1428 2630 1499 2689 xlx,
1534 2611 1589 2679 57.

438 2756 526 2823 adeo
561 2756 605 2822 ad
646 2776 722 2824 rem
763 2765 844 2844 apta
886 2759 974 2825 mihi
1014 2759 1090 2824 visa
1123 2764 1188 2829 est,
1226 2761 1265 2822 ut
1296 2773 1373 2821 eam
1410 2772 1482 2821 non
1512 2755 1662 2822 laudare

439 2880 631 2948 noluerim.

504 3006 607 3073 Alius
632 3007 699 3078 vir,
727 3015 850 3075 uxoris
879 3025 965 3074 suae
989 3006 1183 3092 pudicitiae
1206 3005 1385 3083 diflidens
1417 3006 1446 3072 ei
1474 3005 1662 3072 custodem

440 3131 639 3217 imposuit:

572 3273 665 3339 Dure
688 3274 754 3350 vir,
787 3272 956 3356 imposito
985 3279 1128 3339 tenerae
1155 3273 1305 3340 custode
1339 3273 1491 3358 puellae,

616 3398 671 3463 Nil
697 3398 803 3482 agis:
837 3397 980 3482 ingenio
1013 3403 1067 3464 est
1096 3416 1260 3482 quaeque
1284 3397 1416 3464 tuenda
1448 3416 1525 3464 suo.

1282 3526 1354 3587 tuf.
1383 3521 1440 3600 ΙΙΙ,
1475 3540 1522 3599 ιν,
1561 3523 1592 3599 l,

505 3665 668 3732 Ceterum
694 3666 906 3750 inelegantis
936 3665 1071 3750 ingenii
1104 3672 1168 3741 est.
1201 3666 1229 3729 si
1260 3682 1366 3748 quem
1401 3663 1525 3729 uxoris
1551 3663 1660 3730 adul-

438 3789 569 3856 terium
605 3789 772 3857 laeserit:

573 3950 740 4018 Rusticus
769 3958 823 4018 est
847 3950 1002 4017 nimium
1034 3970 1142 4036 quem
1178 3950 1285 4018 lae'dlt
1318 3948 1479 4014 adultera
1513 3947 1662 4031 conjux,

616 4076 656 4142 Et
680 4084 783 4143 notos
808 4095 925 4143 mores
959 4094 1030 4142 non
1063 4077 1148 4142 satis
1185 4075 1286 4142 Urbis
1319 4074 1438 4140 babet.

1267 4204 1340 4265 Arri.
1373 4199 1429 4275 ΙΙΙ,
1461 4217 1509 4274 ru,
1538 4197 1592 4265 37.

505 4345 626 4429 ltaque
671 4344 840 4411 maritum
888 4345 1023 4411 irortice
1058 4344 1222 4410 bortatur
1256 4350 1357 4428 poeta
1393 4350 1431 4409 ut
1463 4341 1663 4408 faciliorem

438 4487 475 4535 se
509 4470 704 4552 praebeat:

571 4628 604 4693 Si
633 4628 740 4713 sapia,
777 4628 923 4714 indulge
943 4628 1121 4705 dominae,
1160 4629 1355 4711 vultusque
1383 4647 1526 4694 severos

617 4753 712 4819 Exue
749 4772 814 4820 nec
848 4753 951 4839 rigidi
980 4753 1059 4838 jura
1096 4760 1195 4819 tuere
1226 4752 1305 4823 viri.

572 4879 609 4945 Et
641 4877 718 4944 cole
753 4896 843 4961 quos
876 4877 1011 4943 dederit
1046 4877 1195 4961 (multos
1228 4872 1340 4959 dabit)
1371 4893 1461 4941 uxor
1498 4876 1659 4944 amicos:

613 5001 732 5069 Gratia
762 5003 813 5069 sic
838 5002 989 5068 minimo
1023 5019 1153 5085 magna
1187 5003 1308 5068 labore
1337 5003 1446 5068 venit.
