4209 6184
977 910 1015 920 ..
1036 877 1134 937 38..-

573 1063 731 1150 Exagilet
764 1086 807 1134 ne
842 1085 900 1133 ure
931 1072 1072 1134 tantum
1107 1073 1181 1142 tua,
1209 1056 1393 1153 deprecor,
1423 1083 1513 1133 uxor

616 1189 710 1269 Quae
744 1192 833 1258 mihi
860 1192 1077 1276 nescioquo
1107 1209 1177 1259 non
1201 1192 1267 1258 erit
1301 1209 1412 1276 aequa
1442 1189 1560 1258 modo.

572 1295 666 1381 Neve
697 1333 797 1383 meos
823 1334 945 1383 coram
976 1316 1092 1384 scindi
1120 1316 1254 1402 patiare
1282 1316 1431 1400 capillos

615 1439 656 1507 Et
686 1440 812 1508 leviter
841 1441 939 1507 dicas
972 1459 979 1508 :
1014 1462 1030 1506 u
1060 1442 1147 1508 haec
1184 1459 1328 1526 quoque
1370 1446 1492 1508 nostra
1530 1440 1596 1506 luit
1629 1460 1659 1504 n.

570 1563 633 1630 Vel
671 1565 804 1651 patiare
831 1566 925 1640 licet,
957 1567 1045 1632 dum
1078 1585 1122 1633 ne
1150 1571 1354 1649 contempta
1379 1565 1575 1655 relinquar.

1229 1695 1309 1757 ller.
1339 1691 1396 1769 lli,
1439 1692 1478 1758 77
1511 1708 1590 1774 sqq.

505 1833 686 1900 Ridiculae
726 1834 871 1918 quidem
912 1833 1181 1917 deprecationes
1216 1835 1300 1918 quia
1333 1854 1352 1900 a
1393 1833 1549 1899 Briseide
1579 1851 1661 1916 pro-

439 1958 666 2024 nuntiantur.
698 1958 765 2025 Fac
795 1965 914 2026 autem
947 1977 1006 2025 eas
1036 1960 1074 2025 in
1103 1977 1163 2025 ore
1195 1977 1364 2025 romanae
1405 1958 1545 2043 puellae
1582 1974 1661 2023 esse

440 2091 531 2157 quae
567 2075 737 2141 amatoris
773 2074 829 2140 sui
864 2093 1012 2142 uxorem
1049 2075 1269 2151 relormidet,
1299 2092 1372 2141 non
1408 2073 1471 2140 tihi
1501 2059 1659 2141 multum

438 2215 457 2262 a
487 2198 635 2265 veritate
663 2199 800 2265 alienae
830 2217 908 2266 esse
935 2199 1167 2265 videbuntur.
1379 2181 1385 2188 ¹

503 2321 593 2438 outa
623 2358 666 2425 ue
698 2360 833 2426 araone
861 2359 977 2426 aaran
1010 2360 1058 2426 tta
1091 2359 1278 2444 querenti:

570 2483 732 2550 Forsitan
765 2490 798 2550 et.
826 2484 1012 2568 gravidam
1042 2483 1167 2562 Didon,
1200 2483 1382 2562 scelerate,
1407 2484 1611 2568 relinquas!
1673 2490 1677 2494 ’

1299 2611 1377 2674 Her.
1406 2608 1477 2685 Vll,
1515 2609 1590 2677 133.

505 2770 601 2851 Quae
634 2769 859 2853 Carthaginis
892 2770 1053 2855 reginam
1088 2771 1203 2836 multo
1234 2771 1356 2836 minus
1387 2771 1513 2837 decent
1548 2789 1658 2857 quam

436 2896 603 2980 quamvis
630 2896 790 2978 puellam
818 2894 862 2960 ab
896 2900 1065 2974 amatore,
1108 2900 1146 2961 ut
1179 2913 1285 2980 saepe
1311 2895 1362 2972 tlt,
1390 2896 1565 2963 relictam.

502 3020 697 3106 Hypsipyle
721 3019 844 3086 Jasoni
868 3020 1061 3104 exprobrat
1096 3021 1192 3104 quod
1222 3020 1266 3086 ab
1296 3038 1337 3088 co
1368 3021 1486 3087 nullas
1523 3023 1658 3089 litteras

436 3145 598 3228 accipiat,
639 3145 771 3229 quihus
809 3145 938 3212 certior
978 3146 1021 3211 de
1066 3145 1141 3229 ejus
1180 3144 1287 3211 claris
1323 3145 1542 3212 facinoribus
1583 3145 1657 3212 fiat.

437 3268 531 3349 Quae
551 3269 709 3335 facinora
728 3287 764 3335 se
782 3274 924 3335 tautum
945 3269 1090 3354 publico
1111 3287 1255 3335 rumore
1272 3269 1455 3336 audivisse
1472 3271 1656 3355 queritur:

570 3429 662 3496 llaec
695 3446 760 3512 ego
796 3429 827 3495 si
856 3448 1000 3514 possem
1028 3430 1151 3496 timide
1182 3430 1446 3496 credentibus«
1480 3430 1547 3496 ista

615 3553 693 3639 lpse
720 3554 809 3619 mihi
840 3553 1024 3640 scripsit»
1057 3526 1186 3633 dicere,
1220 3559 1354 3640 quanta
1382 3555 1516 3622 loreml

1342 3683 1421 3745 Her.
1452 3678 1508 3758 vl,
1539 3682 1588 3747 lh'.

505 3839 661 3918 Minime,
694 3838 812 3916 crede,
850 3840 991 3906 heroica
1031 3841 1151 3916 verba,
1181 3858 1253 3905 non
1288 3842 1402 3926 magis
1435 3860 1542 3925 quam
1571 3843 1660 3910 haec

438 3982 529 4047 quae
561 3970 775 4048 sequuntur,
801 3983 843 4030 ex
872 3965 995 4030 eadem
1025 3966 1067 4031 ad
1097 3965 1267 4032 iasonem
1290 3967 1443 4051 epistula
1468 3976 1657 4053 excerpta:

571 4125 647 4193 Non
678 4126 805 4211 prohat
833 4126 1016 4193 Alcimede
1048 4133 1164 4194 mater
1194 4133 1254 4193 tua
1286 4127 1449 4209 (consule
1476 4130 1657 4215 matrem),

615 4250 692 4317 Non
722 4257 832 4335 pater,
863 4271 882 4316 a
912 4252 1029 4336 gelido
1059 4252 1116 4318 cui
1145 4253 1243 4319 venit
1271 4272 1337 4319 axe
1375 4271 1501 4320 nurus.

576 4375 638 4441 llla
673 4372 817 4462 [Medea]
843 4376 910 4442 sihi
933 4377 1039 4442 Tanai
1065 4347 1304 4462 Scythiaeque
1338 4379 1530 4463 paludibus
1569 4380 1660 4448 udae

615 4498 778 4578 Quaerat,
810 4505 843 4566 et
874 4519 890 4564 a
929 4501 1040 4585 patria
1073 4501 1233 4568 Phasidis
1267 4521 1381 4586 usque
1413 4504 1554 4570 virum!

1239 4629 1318 4691 ller.
1345 4627 1398 4705 Vl,
1436 4627 1498 4695 105
1535 4648 1612 4714 sqq.

504 4784 647 4851 Ceream
683 4786 864 4853 Protesilai
900 4789 1058 4855 absentis
1090 4788 1284 4870 imaginem
1317 4806 1399 4854 eram
1431 4789 1661 4874 amplectitur

436 4910 639 4987 Laodamia,
672 4930 758 4977 num
794 4931 871 4978 eam
910 4912 1083 4997 tingimus
1111 4914 1147 4978 iu
1183 4911 1363 4978 Thessalia
1399 4915 1535 4980 versari
1573 4915 1660 4981 Tro-

437 5034 510 5118 jani
541 5035 622 5102 belli
663 5035 859 5122 tempore?
895 5038 1051 5116 Minime,
1088 5045 1125 5103 ut
1172 5038 1321 5122 opinor:
1358 5037 1420 5103 sed
1459 5039 1591 5106 Romae
1623 5039 1660 5105 in
