4209 6184
964 879 1121 941 ...55-

366 1085 368 1090 ’
437 1064 528 1129 tacta
555 1070 620 1131 est.
655 1063 753 1144 Quod
781 1071 900 1132 tamen
924 1066 1010 1134 satis
1035 1073 1087 1134 est
1116 1076 1155 1135 ut.
1177 1070 1363 1153 intellegas
1389 1086 1497 1153 quam
1532 1086 1659 1151 parum

438 1194 562 1271 poetae
595 1195 763 1276 acceptus
794 1192 840 1258 sit
869 1193 984 1258 mites.
1023 1193 1126 1259 Poeta
1158 1194 1308 1260 mititem
1345 1193 1419 1260 odit
1444 1198 1482 1258 ut.
1510 1192 1660 1258 rivalem

438 1313 508 1387 cui,
540 1320 686 1399 propter
714 1316 858 1384 divitias
884 1319 1078 1403 pugnando
1105 1324 1341 1403 comparatas,
1372 1317 1512 1402 poeitae
1542 1316 1661 1382 favere

439 1439 607 1506 soleant:

572 1583 659 1649 Ecce
686 1601 810 1651 recens
843 1583 955 1654 dives,
986 1589 1088 1668 parto
1123 1602 1186 1669 per
1215 1583 1365 1650 vulnera
1403 1603 1528 1660 censu,

618 1708 819 1776 Praefertur
846 1709 949 1775 nobis
975 1710 1150 1793 sanguine
1183 1716 1307 1795 pastus
1337 1726 1460 1792 eques.
1520 1761 1527 1774 .

1294 1838 1367 1898 Am.
1383 1831 1441 1908 ΙΙΙ,
1468 1850 1543 1907 νιιι,
1561 1831 1593 1897 9.

399 2028 401 2032 .
505 1973 596 2040 Fieri
616 1976 760 2059 quidem
778 1977 893 2061 potuit
919 1984 958 2042 ut
986 1995 1123 2043 revera
1152 1975 1300 2042 Ovidius
1327 1975 1477 2041 rivalem
1498 1973 1663 2040 habuerit

439 2097 603 2165 mititem.
643 2098 717 2165 Non
750 2106 868 2167 tamen
898 2099 1079 2167 affirmare
1104 2101 1220 2166 ausim
1245 2099 1334 2165 iliud
1363 2116 1509 2165 carmen
1535 2097 1570 2163 in
1592 2116 1663 2182 uuo

439 2222 482 2288 de
513 2224 626 2292 milite
653 2225 772 2309 agitur
800 2243 870 2291 non
898 2226 942 2291 ad
965 2225 1000 2290 id
1029 2231 1168 2298 tantum
1201 2224 1443 2309 compositum
1478 2223 1590 2289 fuisse
1626 2229 1664 2289 ut

439 2349 618 2416 rhetorico
636 2350 741 2416 modo
758 2350 862 2417 militi
877 2357 1148 2434 compararetur
1164 2355 1278 2434 poeta.
1292 2349 1429 2415 Etenim
1446 2348 1548 2433 quasi
1563 2348 1664 2414 iocus

439 2477 645 2542 communis
680 2483 733 2542 est
767 2477 827 2541 itta
864 2476 1098 2560 comparatio,
1127 2481 1160 2541 et
1184 2475 1280 2560 apud
1319 2492 1445 2540 omnes
1472 2473 1664 2539 amatorios

439 2592 561 2684 poetas
601 2602 822 2668 invenitur¹.
869 2601 923 2666 Ab
967 2601 1018 2667 eis
1057 2606 1176 2666 autem
1221 2598 1386 2666 mititiam
1432 2604 1466 2664 et
1513 2596 1662 2663 mititem

439 2727 621 2793 contemni
648 2709 735 2794 ‘satis
763 2731 924 2802 constat;
949 2725 1041 2791 etin
1068 2742 1108 2791 ea
1131 2743 1169 2789 re
1189 2723 1338 2790 forsitan
1359 2722 1507 2788 Ovidius
1526 2722 1663 2805 priores

439 2857 561 2935 poetas
588 2851 705 2918 sotum
736 2850 911 2916 aemulari
939 2849 1105 2916 voluerit.
1188 2822 1190 2826 λ

506 3129 563 3192 De
591 3124 750 3192 marito.
776 3167 818 3174 —
845 3128 909 3194 Hic
936 3127 1037 3194 nobis
1077 3126 1217 3193 videtur
1251 3131 1493 3210 opportunum
1528 3122 1662 3207 aliquid

437 3257 555 3323 dicere
577 3255 621 3323 de
648 3255 800 3332 maritis.
823 3272 913 3339 quos
938 3253 1085 3319 Ovidius
1117 3269 1187 3318 non
1218 3251 1366 3317 omuino
1392 3251 1524 3316 omisit.

505 3383 639 3466 Nempe
677 3382 751 3448 tria'
780 3381 873 3465 apud
913 3397 994 3444 eum
1050 3377 1196 3442 invenio
1244 3376 1456 3443 maritorum
1516 3393 1659 3459 genera,

438 3509 573 3597 scilicet
622 3508 794 3574 maritum
847 3506 1036 3590 deceptum
1074 3503 1136 3585 oui
1180 3520 1218 3568 se
1263 3500 1380 3585 decipi
1422 3518 1492 3566 non
1533 3500 1658 3579 credit,

437 3634 610 3699 maritum
644 3632 829 3699 incautum
860 3636 893 3696 et
917 3628 1072 3702 iacitem,
1100 3626 1255 3710 deniqne
1279 3626 1449 3691 maritum
1471 3624 1660 3691 severitate

437 3761 586 3845 pienum
625 3764 657 3824 et
705 3757 749 3822 de
793 3773 905 3821 uxore
944 3770 1007 3819 sua
1051 3751 1161 3816 nimis
1197 3750 1405 3816 sollicitum.
1445 3748 1581 3827 Quibus
1623 3747 1658 3813 in

436 3882 682 3950 describendis
705 3887 744 3947 ut
761 3879 1014 3986 satisuieticem,
1032 3876 1080 3942 ita
1104 3875 1300 3958 admodum
1327 3891 1489 3940 veracem
1518 3878 1658 3957 poetam

437 4009 547 4076 tuisse
582 4008 760 4076 existimo.
833 3991 836 3996 ¹

503 4134 566 4200 Vir
598 4133 745 4218 qtiidam
780 4131 933 4196 frontem
969 4143 1132 4193 severam
1168 4133 1251 4208 prae
1294 4144 1331 4191 se
1368 4123 1447 4200 fert,
1484 4123 1659 4189 inutiliter

437 4259 595 4343 quidem,
623 4279 705 4325 nam

570 4402 657 4468 Cum
693 4401 782 4465 bene
811 4399 867 4464 vir
889 4397 996 4464 traxit
1023 4394 1163 4461 vultum
1193 4408 1373 4476 rugasque
1403 4388 1531 4472 coegit,

614 4524 712 4603 Quod
745 4523 859 4588 votuit
887 4520 962 4587 fieri
992 4519 1123 4586 blanda
1154 4517 1284 4603 puetta.
1325 4515 1418 4581 tacit.

1286 4642 1357 4704 itm.
1392 4638 1433 4712 ΙΙ,
1467 4656 1502 4714 u,
1537 4635 1590 4701 33.

528 4795 589 4860 tue.
616 4793 681 4859 etsi
713 4812 731 4857 a
761 4789 908 4856 custode
940 4788 1070 4855 certior
1097 4787 1212 4852 iactus
1246 4784 1312 4849 erit
1340 4782 1496 4867 puottarn
1533 4797 1660 4863 peeca-

484 5056 491 5086 ¹
509 5056 547 5106 Cf.
560 5056 650 5106 Horat.
665 5051 756 5101 carm.
768 5051 788 5111 1,
799 5063 874 5110 xxrx,
889 5048 919 5097 10
932 5060 998 5109 sqq;
1014 5046 1070 5093 Tib.
1088 5045 1107 5099 Ι,
1123 5057 1158 5104 x;
1176 5044 1244 5104 Prop
1271 5043 1304 5092 rt.
1320 5055 1364 5089 vu.
