4209 6184
984 863 1143 924 „44-

573 1050 642 1118 Nec
673 1052 826 1118 nimium
863 1052 964 1119 vobis
988 1052 1143 1120 formosa
1173 1052 1303 1119 ancilla
1341 1053 1543 1121 ministret:

616 1175 728 1262 Saepe
762 1177 875 1244 vicem
910 1176 1078 1244 dominae
1107 1179 1272 1263 praebuit
1300 1176 1361 1244 illa
1393 1177 1495 1245 mihi.

1272 1321 1311 1387 l.
1339 1321 1411 1386 almi.
1439 1318 1496 1390 Ill.
1523 1319 1600 1387 665.

506 1480 544 1546 tn
571 1498 653 1547 eum
677 1499 749 1547 non
777 1482 904 1566 puduit
930 1500 1077 1548 narrare
1101 1499 1172 1566 quo
1197 1500 1279 1548 cum
1308 1480 1440 1566 gaudio
1465 1481 1670 1567 Cypassidis

438 1604 590 1672 ancillae
621 1623 742 1672 amore
771 1606 974 1690 perfructus
1004 1607 1059 1673 sit.
1096 1606 1183 1688 (lin.
1211 1605 1252 1678 ll.
1280 1604 1369 1691 vm).

506 1782 601 1848 Duae
651 1790 736 1850 sunt
780 1785 815 1849 in
872 1790 1034 1850 liliorum
1082 1782 1306 1849 carminibus
1369 1781 1521 1849 ancillae
1577 1801 1669 1867 quae

437 1907 649 1974 nominatim
678 1909 918 1994 appellantur,
942 1908 1077 1975 scilicet
1107 1906 1202 1993 Nape
1228 1915 1260 1975 et
1292 1906 1482 1992 Cypassis3
1512 1914 1545 1974 et
1575 1925 1668 1992 quae

438 2031 604 2098 laudibus
629 2011 864 2099 cumulantur
886 2039 922 2099 ut
942 2033 1091 2118 capillos
1117 2033 1269 2099 ornandi
1291 2033 1378 2099 artis
1400 2032 1664 2118 peritissimae:

571 2173 744 2259 Colligere
777 2175 931 2242 incertos
963 2181 996 2241 et
1027 2176 1063 2241 in
1100 2175 1225 2240 ordine
1254 2192 1387 2259 ponere
1416 2174 1534 2240 crines

613 2299 733 2377 Docta,
774 2319 891 2385 neque
918 2301 1068 2367 ancilias
1098 2300 1191 2366 inter
1229 2299 1393 2366 habenda
1427 2298 1536 2384 Nape.

1314 2447 1387 2508 Ani.
1419 2443 1444 2518 l,
1482 2460 1529 2516 xi,
1564 2443 1592 2505 l.

570 2604 748 2671 Ponendis
782 2605 818 2670 in
850 2603 949 2670 mille
983 2603 1109 2670 modos
1143 2602 1297 2688 pantania
1330 2601 1482 2686 capillis,

613 2728 760 2796 Comere
791 2729 852 2794 sed
883 2729 978 2794 solas
1011 2728 1131 2812 digna,
1168 2726 1327 2812 Cypassi,
1361 2726 1458 2793 deas,

1273 2878 1345 2936 Am.
1379 2870 1422 2947 ll,
1454 2887 1527 2942 vui,
1562 2871 1591 2935 l.

502 3031 632 3098 Earum
675 3035 820 3101 nonrina
868 3034 939 3102 noli
990 3033 1113 3098 mirari
1152 3049 1277 3116 graeca
1318 3048 1407 3105 esse,
1449 3049 1532 3123 cum
1573 3032 1660 3098 satis

435 3161 575 3222 constet
601 3176 768 3242 magnam
798 3164 884 3225 tunc
919 3160 1030 3225 tuisse
1070 3157 1202 3223 Romae
1230 3172 1442 3241 graecorum
1471 3173 1661 3222 servorum

390 3290 392 3295 ’
435 3283 592 3348 turbam.
641 3282 804 3350 Ceterum
845 3283 982 3367 graecis
1028 3282 1173 3349 feminis
1226 3280 1441 3364 plerumque
1482 3281 1659 3347 serviunt.

435 3405 520 3472 lllae
545 3407 641 3472 enim
678 3408 816 3493 puellae
848 3428 862 3470 n
897 3409 1003 3473 modo
1034 3427 1125 3492 qrras
1159 3405 1316 3472 vindicta
1351 3405 1502 3471 redemit
1535 3426 1550 3468 n
1587 3405 1660 3472 tere

435 3546 561 3596 omnes
589 3548 737 3615 graecae
767 3537 863 3605 sunt,
891 3538 930 3598 ut
955 3537 1049 3615 patet
1078 3549 1120 3596 ex
1149 3529 1359 3595 nominihus
1395 3529 1449 3594 vel
1477 3529 1571 3594 veris
1604 3530 1660 3595 vel

324 3685 329 3696 ·
434 3653 527 3720 fictis
558 3655 690 3738 ouibus
720 3655 764 3722 ab
795 3655 978 3721 amatoriis
1004 3656 1117 3740 poetis
1148 3654 1388 3740 appellantur,
1421 3661 1460 3719 ut
1491 3652 1658 3754 Corinna,

435 3779 549 3855 Delia,
589 3779 765 3858 Nemesis,
825 3779 949 3864 Lydia,
1002 3778 1165 3863 Cynthia.
1210 3778 1259 3844 lta
1302 3784 1340 3843 ut
1386 3784 1582 3855 amatores,
1621 3784 1661 3844 ut

434 3904 505 3968 illis
555 3904 736 3988 placeant,
781 3921 926 3987 operam
965 3920 1112 3986 graecae
1148 3904 1292 3986 linguae
1338 3901 1529 3968 discendae
1574 3901 1660 3968 dare

433 4028 605 4095 debeant:

567 4188 637 4256 Nec
666 4190 756 4257 levis
790 4190 965 4276 ingenuas
990 4197 1114 4274 peetus
1142 4189 1298 4257 coluisse
1334 4207 1397 4274 per
1431 4192 1524 4253 artes

611 4314 701 4380 Cura
727 4315 784 4391 sit,
818 4320 851 4380 et
881 4315 1023 4398 linguas
1053 4314 1242 4380 edidicisse
1265 4313 1373 4380 duas

1251 4459 1289 4521 l.
1328 4459 1399 4520 lm.
1435 4454 1476 4530 ll,
1512 4454 1587 4520 121.

499 4608 652 4695 Capillos
690 4616 809 4677 autem
859 4609 1009 4677 ornandi
1061 4627 1195 4674 munus
1251 4626 1321 4674 non
1372 4609 1449 4674 sine
1499 4608 1669 4691 quodam

433 4736 592 4821 periculo
631 4736 755 4802 <luisse
804 4735 961 4802 declarat
1006 4733 1165 4806 Ovidius,
1221 4750 1305 4798 cum
1350 4732 1519 4798 dominae
1570 4749 1658 4799 suae

432 4861 606 4928 Corinnae
641 4861 841 4945 gratuletur
871 4860 966 4944 quod
1005 4877 1192 4942 nunquam
1235 4857 1285 4923 ira
1329 4862 1422 4922 mota
1462 4856 1655 4923 ornatricis

432 4986 596 5053 bracchia
629 5006 693 5053 acu
727 4987 941 5055 sauciaverit
969 5005 975 5053 :
