4209 6184
1025 876 1183 938 ..65-

623 1065 703 1149 lpse
727 1065 844 1132 valere
867 1065 949 1149 cpio
971 1070 1005 1131 et
1031 1069 1186 1132 taetrum
1207 1066 1306 1130 hunc
1332 1065 1510 1150 deponere
1531 1062 1712 1130 morbum.

582 1234 585 1239 -
668 1189 694 1257 0
730 1191 778 1269 di,
805 1190 942 1259 reddite
975 1191 1024 1256 mi
1057 1190 1125 1257 boc
1160 1207 1224 1276 pro
1254 1190 1383 1275 pietate
1419 1207 1511 1255 mea.

1236 1314 1312 1381 Cat.
1344 1332 1462 1391 cxxvi,
1496 1312 1537 1380 13
1569 1331 1646 1399 sqq.

558 1457 729 1542 Equidem
770 1459 881 1527 iateor
922 1460 1062 1545 aliquos
1100 1476 1179 1527 esse
1213 1459 1250 1524 in
1292 1456 1407 1524 Ovidii
1447 1457 1548 1523 libris
1588 1474 1716 1524 versus

491 1582 534 1648 de
575 1582 650 1650 suis
687 1583 801 1669 ipsius
835 1585 871 1650 in
911 1602 1033 1651 amore
1068 1583 1254 1650 doloribus
1294 1582 1357 1668 qui
1392 1581 1464 1648 vim
1499 1587 1533 1648 et
1575 1582 1715 1667 pondus

492 1706 636 1786 babent,
669 1712 742 1775 ut:

624 1851 669 1916 At
698 1852 787 1917 mibi
814 1871 943 1921 saevus
974 1870 1076 1920 amor
1104 1871 1251 1919 somnos
1279 1851 1470 1935 abrumpat
1499 1849 1660 1917 inertes!

1345 1986 1418 2041 ,luc
1452 1975 1493 2045 ll.
1530 1995 1564 2052 x,
1596 1972 1648 2039 til.

671 2099 707 2165 Ei
742 2100 830 2167 mihi
862 2102 1075 2187 perpetuum
1108 2107 1190 2196 nata
1223 2100 1339 2187 puella
1372 2098 1544 2167 malum!

1372 2237 1443 2291 tm.
1480 2224 1521 2303 ll,
1549 2242 1584 2302 v,
1615 2224 1647 2289 l.

670 2349 710 2417 Et
744 2356 805 2417 tua
842 2368 971 2417 saevus
1009 2367 1112 2417 amor
1151 2351 1220 2417 sub
1255 2350 1342 2437 pede
1373 2350 1464 2418 colla
1494 2349 1636 2435 premit..

1334 2479 1425 2542 licru.
1452 2487 1538 2551 stur„
1573 2473 1650 2542 530.

523 2632 526 2637 ,
563 2600 630 2666 Sed
664 2600 701 2665 iu
734 2616 878 2667 summa
912 2599 1065 2668 libenter
1103 2601 1362 2669 affirmaverim
1403 2622 1484 2671 eum
1531 2621 1717 2688 nunquam

494 2726 577 2792 talia
611 2743 823 2811 perpessum
845 2744 923 2792 esse
946 2728 1066 2810 qualia
1100 2726 1273 2795 Catullus.
1313 2729 1428 2795 lmmo
1452 2727 1603 2808 malum,
1622 2727 1717 2812 quod

493 2850 699 2916 amantibus
738 2868 780 2916 ex
825 2849 959 2931 amoris
997 2849 1183 2918 doloribus
1229 2853 1337 2929 venit,
1384 2853 1414 2920 ei
1446 2854 1534 2920 adeo
1558 2854 1719 2920 sanabile

493 2974 614 3040 visum
644 2979 709 3048 est,
744 2980 783 3041 ut
805 2974 840 3041 id
870 2976 1068 3061 praeceptis
1102 2980 1222 3043 sanari
1254 2995 1358 3063 posse
1387 2977 1589 3045 crediderit.
1624 2976 1720 3057 Qua-

495 3103 640 3185 propter
660 3099 763 3167 illum
803 3101 846 3167 de
868 3101 1046 3168 Remediis
1080 3103 1214 3170 amoris
1245 3103 1408 3170 libellum
1445 3102 1659 3189 composuit.

561 3297 619 3379 De
639 3296 789 3378 morte.
817 3338 852 3346 —
886 3301 1016 3368 Eorum
1047 3302 1110 3387 qui
1140 3301 1370 3369 vehementer
1398 3308 1522 3369 amant
1552 3320 1658 3387 saepe
1682 3301 1721 3368 fit

494 3429 534 3490 ut
556 3424 886 3510 mentibus'imago
918 3425 1044 3492 mortis
1071 3426 1294 3492 obversetur.
1324 3425 1471 3506 Quibus,
1502 3426 1532 3493 si
1561 3444 1721 3511 praeser-

495 3548 560 3615 tim
592 3551 713 3616 animo
740 3556 774 3617 et
805 3566 954 3635 corpore
974 3549 1109 3617 debiles
1132 3556 1229 3627 suut,
1260 3558 1294 3617 et
1317 3551 1346 3616 si
1372 3569 1498 3618 eorum
1522 3567 1624 3616 amor
1649 3568 1720 3616 uon

495 3680 546 3741 est
583 3674 756 3742 continuo
797 3674 893 3748 ielix,
933 3674 1003 3742 vita
1048 3677 1107 3741 vix
1149 3675 1290 3742 videtur
1332 3693 1437 3761 posse
1482 3674 1640 3741 tolerari.
1680 3674 1719 3740 ln

495 3816 650 3884 quornm
679 3816 832 3865 numero
860 3799 1021 3866 Tibullus
1042 3800 1146 3867 valde
1175 3799 1434 3866 numerandus
1458 3798 1606 3866 Ovidius
1623 3817 1720 3877 vero,

496 3924 557 4009 qui
580 3942 677 3990 unus
708 3930 784 3991 erat
805 3942 847 3990 ex
877 3945 892 3987 c
924 3926 1029 3991 lrilari
1064 3928 1196 4012 populo
1219 3946 1247 4004 u,
1287 3931 1321 3992 et
1357 3926 1418 4010 qui
1451 3925 1543 3990 bona
1581 3925 1723 3992 valetu-

496 4049 579 4115 dine
613 4048 810 4126 fruebatur,
847 4056 996 4118 mortem
1034 4051 1184 4117 minime
1216 4051 1419 4136 appetebat.
1456 4048 1579 4132 ltaque
1615 4049 1722 4117 raris-

496 4173 586 4239 sime
606 4173 701 4259 apud
726 4192 808 4240 eum
828 4176 961 4242 amoris
977 4174 1129 4241 ielicitas
1145 4176 1272 4243 mortis
1296 4177 1453 4261 imagine
1469 4174 1718 4242 obumbratur.

495 4297 652 4397 Quodsi
685 4299 722 4364 iu
753 4318 826 4367 uno
859 4303 1025 4366 Arctorum
1056 4300 1215 4366 carmine
1242 4301 1286 4366 dc
1315 4321 1377 4367 sua
1419 4301 1532 4366 morte
1569 4300 1651 4383 egit,
1687 4299 1722 4366 id

496 4423 533 4488 in
564 4424 714 4490 modum
742 4425 821 4509 joci,
853 4424 961 4490 etiam
989 4423 1172 4510 impudice
1200 4425 1283 4492 iecit
1315 4444 1322 4491 :

630 4549 675 4615 At
699 4551 789 4616 milri
818 4550 1002 4635 contingat
1035 4549 1182 4617 Veneris
1210 4549 1443 4635 languescere
1471 4558 1582 4631 motu,

674 4673 763 4739 Cum
789 4674 934 4749 moriar,
968 4673 1129 4740 medium
1154 4673 1274 4741 solvar
1305 4680 1339 4740 et
1370 4675 1463 4742 inter
1497 4695 1600 4761 opus.

628 4798 745 4882 dique
770 4799 900 4883 aliquis
934 4804 1056 4866 nostro
1083 4799 1275 4867 lacrimans
1308 4800 1344 4865 in
1377 4799 1503 4868 iuuere
1527 4801 1622 4868 dicat
1652 4822 1659 4868 :

680 4921 904 4990 Conveniens
933 4923 1027 4991 vitae
1052 4943 1150 4991 mors
1184 4924 1247 4991 tuit
1274 4925 1339 4991 ista
1365 4930 1463 4991 tuae.

1271 5063 1344 5117 ltu.
1375 5048 1417 5127 ΙΙ,
1449 5069 1481 5128 x,
1507 5049 1549 5116 35
1576 5068 1652 5135 sqq.
