4209 6184
975 848 1133 908 „45-

615 1038 783 1105 Ornatrix
818 1045 892 1105 tulo
924 1056 1074 1124 corpore
1107 1057 1250 1123 semper
1276 1045 1376 1105 erat:

502 1175 504 1179 ’
574 1165 666 1230 Αηῐθ
699 1181 796 1229 meos
827 1182 932 1248 saepe
961 1170 1014 1230 est
1043 1164 1167 1230 oculos
1194 1170 1331 1241 ornata,
1362 1182 1427 1230 nec
1459 1182 1620 1247 unquam

619 1288 790 1356 Bracchia
822 1289 967 1374 derepta
1001 1289 1124 1355 saucia
1151 1288 1232 1355 lecit
1264 1307 1342 1356 acu.

1273 1416 1345 1478 tm.
1380 1411 1405 1485 Ι,
1440 1431 1511 1488 xiv,
1543 1413 1595 1478 ld.

505 1553 606 1621 Tales
645 1555 795 1621 ancillas
830 1555 1028 1641 plurimum
1072 1557 1205 1639 pollere
1243 1556 1279 1620 in
1317 1556 1520 1639 puellarum
1556 1556 1664 1622 domo

438 1694 509 1743 non
539 1683 593 1744 est
622 1679 718 1763 quod
751 1680 938 1746 miremur.
977 1679 1099 1763 ltaque
1131 1679 1279 1747 Ovidius
1312 1680 1531 1746 existimavit
1563 1699 1667 1745 ama-

442 1802 508 1868 tori
543 1821 692 1888 magnae
723 1822 830 1871 curae
858 1821 936 1870 esse
959 1803 1088 1870 debere
1121 1809 1159 1870 ut
1186 1823 1321 1884 earum
1340 1806 1562 1871 voluntatem
1597 1804 1662 1870 sibi

436 1925 645 1994 conciliaret
668 1947 674 1993 :

573 2070 642 2136 Sed
676 2071 777 2154 prius
810 2071 980 2137 ancillam
1012 2071 1210 2156 captandae
1237 2089 1343 2138 nosse
1377 2071 1518 2156 puellae

619 2193 710 2260 Cura
738 2196 784 2262 sit
815 2214 820 2259 :
854 2214 1021 2262 accessus
1055 2196 1191 2262 molliet
1224 2194 1284 2261 illa
1319 2202 1411 2262 tuos.

1291 2322 1330 2386 ll.
1364 2323 1438 2384 tlnl.
1473 2319 1498 2397 l,
1521 2298 1598 2387 351ss

511 2457 692 2525 Praeterea
725 2461 1089 2529 animadvertendum
1116 2468 1169 2528 est
1199 2481 1314 2546 neque
1345 2460 1440 2546 apud
1468 2459 1662 2540 Catullum,

441 2600 559 2666 neque
606 2585 701 2668 apud
739 2585 921 2651 Tibullum
956 2586 1000 2652 de
1039 2586 1171 2653 talibus
1205 2587 1347 2654 ancillis
1384 2605 1535 2672 usquam
1573 2594 1666 2654 trac-

442 2707 520 2773 tari.
564 2709 627 2776 llio
660 2711 757 2777 enlm
805 2711 934 2777 Tibulli
969 2730 1097 2779 versus
1137 2713 1237 2798 parvi
1276 2711 1450 2779 momenti
1491 2718 1545 2778 est
1593 2730 1665 2797 quo

439 2849 563 2898 senem
595 2840 777 2900 amantem
815 2835 979 2920 exagitat,
1015 2855 1125 2920 quem

575 2975 676 3042 Stare
706 2994 771 3042 nec
802 2981 884 3044 aute
915 2978 1009 3044 iores
1040 2977 1179 3062 puduit,
1211 2997 1360 3045 caraeve
1383 2978 1523 3063 puellae

618 3101 796 3166 Ancillam
830 3101 948 3167 medio
977 3101 1176 3168 detinuisse
1205 3103 1296 3169 loro.

1316 3226 1391 3293 Tib.
1419 3227 1445 3305 Ι,
1475 3246 1510 3306 n,
1541 3228 1596 3295 93.

399 3430 401 3435 .
507 3367 582 3434 Uno
613 3374 752 3434 tantum
779 3368 815 3433 in
843 3366 1004 3435 carmine
1034 3367 1105 3456 (ΙΙΙ,
1132 3365 1194 3452 xv)
1223 3369 1428 3454 Propertius
1460 3369 1659 3436 obtestatur

438 3508 476 3555 se
503 3508 691 3574 nunqnam
724 3509 808 3557 curn
840 3491 998 3576 Lycinna
1032 3491 1163 3558 aneilla
1191 3492 1408 3574 peccavisse.
1435 3492 1518 3559 Tota
1555 3493 1663 3579 igitur

438 3613 610 3680 Ovidiana
642 3622 694 3682 est
713 3615 773 3681 illa
797 3615 841 3682 de
872 3616 1024 3694 ancillis,
1057 3620 1094 3682 ut
1114 3616 1163 3682 ita
1178 3616 1309 3694 dicam,
1327 3618 1502 3701 quaestio.
1529 3617 1663 3701 Nempe

437 3739 552 3806 tribus
584 3759 674 3824 quos
704 3758 812 3825 supra
842 3741 1026 3808 nominavi
1057 3741 1169 3825 poetis
1205 3742 1320 3826 major
1343 3749 1418 3808 erat
1451 3741 1487 3808 iu
1508 3743 1662 3810 amando

437 3864 595 3947 gravitas
627 3883 734 3950 quam
768 3871 806 3932 ut
834 3866 878 3932 de
914 3872 991 3932 tam
1026 3866 1146 3950 parvis
1183 3867 1291 3932 rebus
1324 3872 1504 3933 curarent.

505 3990 572 4057 Sed
602 3990 727 4057 Ovidio
755 4009 827 4058 uon
856 3991 948 4057 satis
979 3997 1031 4056 est
1061 3997 1259 4058 amatorem
1293 4009 1440 4058 mouere
1478 3996 1515 4056 ut
1546 3992 1661 4058 ancil-

437 4114 554 4181 larum
581 4115 803 4182 voluntatem
834 4117 909 4182 sive
946 4115 1125 4193 comitate,
1163 4115 1240 4183 sive
1285 4117 1406 4201 parvis
1446 4116 1658 4182 muneribus

436 4239 503 4305 sibi
527 4238 706 4307 conciliet.
734 4238 823 4306 Cum
850 4259 933 4307 vero
962 4240 1178 4307 ancillarum
1196 4241 1330 4308 amoris
1356 4258 1427 4308 non
1456 4240 1659 4307 incuriosus

342 4341 345 4346 ’
435 4365 553 4443 luerit,
585 4365 678 4432 hanc
717 4366 964 4448 quaestionem
1001 4366 1166 4451 pluribus
1206 4367 1336 4444 verbis,
1375 4384 1503 4452 neque,
1532 4365 1655 4445 fateor,

435 4488 579 4574 illepide
610 4489 769 4573 agitavit,
797 4508 886 4556 num
905 4490 1056 4557 amatori
1085 4492 1198 4575 prosit
1225 4491 1387 4569 ancillas,
1419 4496 1458 4557 ut
1489 4491 1565 4575 ipse
1595 4492 1656 4570 ait,

435 4634 449 4676 l
482 4612 618 4679 violare
648 4630 687 4678 u:
1318 4630 1321 4634 ’

568 4755 715 4836 Quaeris
744 4775 789 4822 an
819 4758 913 4824 hanc
937 4757 1054 4842 ipsam
1091 4758 1204 4843 prosit
1234 4760 1368 4825 violare
1406 4757 1657 4826 ministram?

592 4881 754 4969 Talibus
780 4881 949 4948 admissis
974 4883 1050 4949 alea
1084 4883 1230 4966 grandis
1264 4884 1369 4950 inest.
