4209 6184
977 846 1134 907 „39-

437 1026 596 1096 lbalamo
628 1048 694 1097 suo
732 1031 874 1099 videtur
907 1035 1098 1118 epistulam
1142 1038 1419 1122 scripsisse,cx
1459 1057 1528 1123 qua
1573 1038 1659 1104 tales

437 1170 564 1219 versus
597 1174 783 1241 excerpo:

572 1297 661 1364 Dum
696 1306 816 1367 tamen
848 1320 947 1369 arma
979 1321 1082 1388 geres
1113 1305 1256 1371 diverso
1289 1306 1391 1372 miles
1421 1306 1455 1371 in
1493 1306 1590 1377 orbe,

616 1422 711 1503 Quae
742 1426 870 1495 referat
899 1430 1020 1496 vultus
1047 1436 1101 1497 est
1131 1432 1219 1496 mibi
1249 1448 1330 1497 cera
1360 1437 1439 1498 tuos
1468 1449 1474 1495 :

572 1547 626 1614 llll
660 1549 864 1631 blanditias,
896 1552 948 1619 illi
986 1554 1049 1620 libi
1085 1554 1203 1622 dedita
1234 1556 1342 1622 verba

616 1673 787 1754 Dicimus,
825 1678 1015 1763 amplexus
1043 1679 1170 1764 accipit
1201 1680 1261 1745 illa
1296 1697 1404 1748 meos.

571 1796 680 1865 Crede
714 1801 829 1877 mibi;
857 1801 938 1886 plus
969 1807 1022 1869 est
1053 1822 1162 1887 quam
1196 1805 1291 1889 quod
1324 1805 1486 1872 videatur
1517 1806 1659 1890 imago;

615 1924 714 1989 Adde
740 1943 871 1992 sonum
897 1945 1018 2003 cerae;
1048 1927 1264 1995 Protesilaus
1292 1930 1370 1995 erit.

1218 2039 1296 2102 llor.
1324 2035 1412 2110 Xlll,
1446 2037 1505 2103 llil
1534 2055 1613 2121 sqq.

505 2171 670 2239 [lesinam
707 2176 809 2260 plura
849 2179 1011 2262 exempla
1044 2180 1181 2255 allerre,
1214 2178 1381 2263 quamvis
1408 2196 1533 2245 eorum
1560 2198 1662 2265 mag-

397 2277 400 2284 ’
438 2313 522 2361 nam
560 2298 703 2381 copiam
746 2318 871 2383 cogere
908 2286 1007 2368 baud
1043 2303 1162 2388 magni
1199 2303 1330 2369 laboris
1371 2305 1428 2379 sit,
1471 2322 1515 2370 ne
1550 2303 1662 2370 lecto-

437 2438 511 2486 rem
560 2421 675 2488 taedio
723 2416 897 2507 premam.
943 2425 991 2490 Ex
1028 2426 1082 2493 bis
1121 2445 1212 2511 quae
1244 2427 1345 2493 attuli
1389 2429 1475 2493 satis
1514 2437 1662 2513 apparot

437 2546 607 2613 Heroidas
645 2547 749 2614 uobis
791 2551 834 2615 ab
881 2551 1006 2617 Ouidio
1044 2553 1247 2636 propositas
1285 2552 1436 2617 minime
1478 2574 1496 2619 a
1531 2554 1661 2636 puellis

436 2670 578 2738 dillerre
611 2691 701 2756 quas
732 2673 968 2770 Rumaeipse
995 2675 1124 2744 cotidie
1153 2677 1308 2745 videbat.

503 2796 567 2862 Eas
597 2796 707 2881 igitur
734 2817 816 2864 cum
854 2798 1017 2883 fingeret,
1043 2817 1115 2867 non
1145 2802 1261 2898 solum
1290 2819 1436 2885 graecos
1467 2804 1660 2889 scriptores
1729 2849 1732 2854 -

436 2919 654 2998 imitabatur,
682 2922 742 2987 sed
771 2922 876 2989 etiam
907 2924 1068 2990 viventes
1095 2923 1247 2990 feminas
1275 2926 1340 2990 sibi
1363 2926 1484 2993 animo
1514 2945 1660 3012 reprae-

437 3044 612 3112 sentabat.

499 3276 579 3343 Jam
616 3277 770 3360 primam
809 3277 918 3361 buius
958 3277 1220 3344 dissertationis
1265 3284 1402 3362 partem
1442 3279 1657 3347 concludere

435 3405 677 3484 opportunum
715 3408 779 3468 est.
828 3401 939 3486 Igitur
976 3420 1091 3485 genus
1130 3407 1182 3468 est
1225 3402 1407 3487 quoddam
1453 3405 1656 3489 puellarum

435 3526 530 3609 quod
561 3527 703 3610 proprie
734 3526 950 3592 Ouidianum
979 3525 1049 3593 dici
1090 3532 1216 3611 potest.
1244 3527 1338 3607 Quas
1368 3528 1412 3594 ad
1453 3531 1486 3595 id
1515 3535 1655 3596 tantum

435 3659 474 3718 ut
504 3658 626 3718 ament
658 3657 692 3717 et
725 3657 892 3717 amentur
923 3660 1037 3729 natas,
1075 3669 1224 3737 corpore
1256 3662 1290 3719 et
1323 3654 1485 3720 moribus
1528 3655 1656 3750 cultis-

432 3777 562 3851 simas,
615 3784 716 3862 poeta
766 3795 808 3842 ex
850 3778 1038 3862 perspicua
1080 3779 1329 3845 observatione
1379 3797 1521 3845 summa
1569 3797 1652 3846 eum

431 3900 615 3986 diligentia
644 3901 845 3985 descripsit.
867 3902 930 3967 Eas
954 3906 1073 3967 aulem
1102 3903 1162 3968 tali
1184 3902 1303 3969 studio
1333 3910 1366 3970 et
1391 3904 1513 3968 lavore
1536 3921 1653 3988 prose·

430 4032 535 4093 culus
568 4032 621 4094 est
650 4032 688 4094 ut
716 4015 812 4112 ipsas
845 4026 1062 4092 feminarum
1099 4045 1281 4111 personas,
1311 4047 1400 4112 ertias
1428 4045 1470 4093 ex
1500 4029 1649 4112 graecis,

430 4151 506 4218 sive
536 4153 646 4236 epicis
680 4152 755 4219 sive
805 4151 961 4236 tragicis
992 4155 1107 4236 poetis
1151 4154 1401 4238 assumpserit,
1438 4171 1562 4219 earum
1607 4152 1651 4218 ad

429 4277 666 4344 Imitationem
700 4295 771 4344 non
802 4276 994 4361 depingere
1024 4297 1097 4345 non
1131 4279 1296 4362 potuerit.
1329 4277 1412 4344 lnde
1439 4278 1478 4345 tit
1506 4284 1545 4345 ut
1573 4279 1653 4362 jure

428 4400 643 4469 contendere
666 4403 846 4487 possimus
875 4399 1041 4466 Ovidium
1077 4402 1129 4466 vel
1162 4401 1199 4466 in
1234 4401 1387 4468 heroicis
1423 4420 1495 4467 non
1533 4402 1649 4468 solum

429 4525 617 4604 lascivum,
665 4532 702 4591 ut
747 4525 836 4590 dixit
880 4523 1123 4603 Quintilianus
1166 4526 1263 4610 (bart.
1306 4530 1400 4592 (bol.
1443 4527 1483 4603 X,
1521 4546 1543 4601 r,
1576 4525 1646 4610 88),

428 4650 489 4715 sed
523 4650 628 4717 etiam
665 4651 757 4716 vilae
783 4650 977 4714 imitandae
1007 4651 1190 4717 curiosum
1228 4670 1305 4715 sese
1340 4651 1572 4734 praestitisse.

903 4925 1179 4935 —----—-—
