4209 6184
914 1599 1178 1675 CONCLUSIO

502 2155 604 2223 Nunc
637 2173 729 2240 quae
760 2154 999 2221 disseruimus
1029 2153 1185 2220 breviter
1217 2151 1486 2219 contrahamus.
1523 2149 1662 2215 Puellas

436 2281 597 2365 corporis
621 2284 655 2346 11
686 2297 830 2345 morum
859 2278 957 2344 cultu
993 2276 1312 2353 commendabiles,
1346 2292 1526 2361 procaces,
1559 2273 1662 2338 lalla-

395 2403 397 2409 ’
436 2424 506 2481 ces,
544 2407 580 2471 in
608 2403 733 2489 primis
761 2403 1053 2474 formosissimas.
1089 2420 1180 2486 quae
1216 2400 1347 2467 Romae
1380 2418 1509 2466 aureae
1541 2399 1659 2466 decori

440 2537 553 2605 erant,
585 2530 710 2595 nullus
740 2529 832 2595 inter
864 2544 1032 2594 romanos
1063 2531 1183 2611 poetas
1216 2533 1287 2592 tam
1317 2525 1480 2601 libenter,
1517 2530 1661 2608 tamque

438 2654 556 2721 vivide
589 2671 697 2737 quarn
731 2651 823 2718 Naso
858 2651 1031 2737 depinxit.
1071 2651 1154 2717 lllas
1192 2651 1267 2735 ipse
1305 2669 1320 2713 u
1344 2668 1448 2717 suam
1479 2650 1660 2724 turbam»

437 2781 616 2852 1111111.
643 2781 718 2844 Ant.
745 2776 802 2851 Ill,
830 2775 921 2860 811).
953 2775 1105 2856 Quodsi
1132 2775 1256 2860 quales
1278 2781 1398 2843 essent
1426 2780 1460 2843 et
1482 2772 1661 2859 quomodo

438 2902 548 2968 vitam
584 2908 731 2986 agerent
761 2901 864 2968 nobis
900 2917 973 2967 non
1010 2900 1209 2977 retulisset,
1246 2900 1366 2998 (quod
1398 2918 1483 2966 sane
1518 2914 1661 2967 summo

437 3026 556 3094 studio
583 3033 762 3094 elamore
790 3024 898 3108 tecit),
926 3043 1052 3090 manca
1078 3023 1168 3090 loret
1196 3023 1316 3108 aliqua
1346 3043 1388 3091 111
1417 3035 1515 3109 parte
1541 3032 1660 3092 nostra

438 3168 579 3217 morum
617 3151 861 3217 Romanorum
898 3149 1058 3216 seientia.

503 3274 590 3355 Quia
620 3281 742 3342 autem
777 3292 849 3341 non
892 3275 921 3341 is
955 3278 1031 3341 erat
1065 3273 1213 3341 Ovidius
1246 3274 1307 3359 qui
1344 3293 1453 3340 unam
1489 3274 1659 3342 teminam

437 3405 508 3466 toto
534 3406 675 3484 pectore
702 3399 877 3485 diligeret,
903 3399 1070 3484 sedquia
1094 3383 1333 3483 omnesquae
1359 3398 1537 3465 formosae
1560 3405 1661 3468 erant

437 3524 636 3609 appetebat,
673 3525 753 3591 ideo
788 3542 880 3609 quae
916 3525 959 3590 de
998 3523 1128 3610 puellis
1157 3529 1191 3590 et
1223 3523 1427 3590 observavit
1456 3528 1490 3591 et
1526 3525 1663 3593 notavit

438 3649 692 3734 multomagis
724 3649 823 3714 varia
853 3656 887 3716 11
913 3650 1022 3716 ubera
1051 3655 1136 3715 sunt
1160 3666 1269 3732 quam
1299 3667 1390 3731 quae
1418 3649 1513 3733 apud
1547 3649 1662 3717 Catul-

438 3774 528 3850 lum,
566 3781 600 3841 et
637 3774 830 3852 Tibullum,
878 3778 912 3839 et
956 3772 1181 3858 Propertium
1222 3772 1331 3857 legas.
1372 3771 1428 3839 llli
1465 3773 1563 3840 enim
1602 3782 1664 3843 aut

438 3917 547 3965 unam
588 3898 760 3966 tenrinam
803 3904 864 3964 aut
900 3916 937 3964 se
982 3897 1078 3982 ipsos
1114 3898 1329 3982 plerumque
1364 3898 1659 3967 observaverunt.

437 4023 523 4090 lnde
550 4041 694 4108 qnoque
717 4023 851 4090 tactum
878 4028 930 4089 est
960 4028 998 4089 ut
1021 4021 1168 4089 Ovidius
1196 4021 1324 4089 ceteris
1346 4023 1460 4106 poetis
1487 4023 1662 4093 lemineao

436 4149 572 4215 formae
607 4148 842 4215 curiosiorem
878 4165 956 4214 sese
987 4146 1213 4233 praestiterit.

505 4274 700 4351 Praeterea,
736 4272 1036 4358 quotiescumque
1067 4273 1207 4339 tabulas
1243 4292 1261 4340 e
1294 4291 1419 4358 graeca
1450 4276 1663 4362 antiquitate

438 4400 666 4484 potissimum
697 4398 824 4482 petitas
860 4397 1036 4475 tractavit,
1069 4398 1104 4463 id
1138 4398 1184 4465 ita
1213 4396 1296 4465 lecit
1329 4404 1367 4466 ut
1394 4399 1472 4484 ejus
1501 4403 1661 4467 carmina

439 4542 509 4589 non
544 4529 617 4592 tam
648 4522 899 4608 antiquitatem
933 4521 1134 4589 redolerent
1173 4542 1281 4607 quam
1322 4524 1481 4608 antiquis
1510 4526 1662 4592 nomini·

438 4649 505 4715 bus
540 4648 693 4716 recentia
724 4647 980 4732 exprimerent.
1023 4646 1122 4726 Quod
1154 4648 1261 4732 plane
1297 4655 1444 4733 apparet
1478 4649 1515 4717 in
1544 4649 1664 4718 Heroi-

436 4773 522 4839 dnm
563 4773 739 4858 epistulis
776 4771 910 4857 Nempe
942 4790 1013 4838 non
1050 4772 1258 4840 inventione
1290 4774 1469 4843 eminebat
1500 4773 1660 4846 Ovidius,

437 4898 497 4964 sed
530 4898 695 4966 lacultate
732 4917 771 4965 ea
805 4895 976 4982 pingendi
1001 4915 1092 4981 quae
1121 4898 1200 4983 eius
1235 4900 1350 4966 oeulis
1379 4917 1417 4966 se
1447 4901 1542 4967 ultro
1575 4901 1663 4968 otie-

438 5023 575 5090 rebant.
608 5022 681 5102 Qua
715 5024 750 5090 in
780 5040 819 5088 re
847 5020 928 5087 licet
952 5038 1035 5087 eum
1069 5041 1152 5088 eum
1184 5023 1329 5092 Racinio
1361 5031 1484 5092 nostro
1516 5043 1665 5112 compa-
