4209 6184
1051 857 1210 918 „12-

576 1042 740 1111 Ceterum
775 1046 884 1132 hujus
916 1047 1016 1114 verbi
1055 1048 1137 1115 talis
1178 1046 1391 1134 significatio
1431 1065 1504 1115 non
1544 1049 1580 1114 in
1611 1046 1737 1114 Ovidio

422 1217 424 1222 .
511 1173 651 1236 tantum
685 1170 881 1238 invenitur.
916 1173 1055 1240 Etenim
1089 1173 1184 1259 apud
1212 1173 1398 1240 Horatium
1433 1174 1501 1241 hoo
1525 1173 1629 1259 lego:

650 1362 768 1378 ......
804 1332 869 1381 vos
907 1333 927 1382 o
957 1316 1061 1400 pueri
1096 1321 1130 1382 et
1152 1315 1293 1401 puellae

536 1511 538 1514 .
607 1504 609 1509 ,
641 1436 721 1503 Jam
754 1438 873 1504 virum
906 1445 1086 1524 expertae.

1137 1547 1219 1614 Hor.
1258 1549 1369 1615 darm.
1406 1547 1465 1626 lll,
1497 1565 1570 1625 xiv,
1612 1545 1666 1612 ld.

509 1655 542 1716 et
573 1650 668 1735 apud
703 1649 954 1737 Propertium:

641 1795 705 1862 Hic
719 1794 879 1883 (Romae)
891 1773 1006 1882 genus
1017 1795 1172 1863 infidum
1189 1803 1385 1883 nuptarum
1400 1818 1408 1876 ;
1426 1797 1485 1865 hic
1500 1796 1600 1863 nulla
1615 1794 1735 1882 puella
1820 1882 1823 1889 ¹

686 1918 756 1987 Nec
787 1919 857 1986 fida
887 1920 1042 2000 Evadne,
1074 1938 1140 1987 nec
1169 1921 1227 2007 pia
1256 1921 1442 2007 Penelope.

1271 2045 1375 2130 Prop.
1408 2045 1466 2123 ΙΙΙ,
1501 2063 1575 2122 run,
1611 2042 1666 2110 23.

575 2168 647 2235 Hoc
673 2168 939 2247 animadverso,
976 2187 1075 2235 nuno
1107 2169 1240 2254 qviibus
1268 2169 1449 2236 coloribus
1478 2168 1558 2235 illas
1594 2169 1733 2253 puellas

508 2293 708 2377 depinxerit
740 2270 888 2360 Ovidius
915 2295 1201 2362 consideremus.
1220 2294 1381 2361 Primum
1410 2313 1502 2379 quae
1533 2294 1577 2359 ad
1603 2310 1733 2378 corpo-

507 2417 556 2484 ris
583 2417 745 2485 habitum
776 2391 968 2503 pertinent,
1001 2419 1132 2486 deinde
1165 2438 1256 2504 quae
1286 2419 1330 2485 ad
1360 2419 1518 2485 indolem
1549 2423 1582 2485 et
1614 2434 1733 2484 mores

506 2541 763 2610 scrutabimur.

573 2717 630 2782 De
650 2718 883 2796 puellarum
907 2718 1087 2798 corporis
1107 2718 1266 2784 habitu.
1291 2761 1320 2770 -
1345 2722 1434 2804 Quid
1460 2722 1602 2808 pulchri
1630 2721 1732 2788 sitin

505 2844 651 2913 ieminei
683 2847 846 2931 corporis
878 2847 1128 2926 lineamentiS,
1165 2848 1302 2933 absque
1335 2848 1529 2931 voluptatis
1566 2846 1733 2914 conside-

508 2970 657 3050 ratione,
707 2989 836 3056 parum
880 2974 1020 3039 curavit
1059 2972 1219 3040 Ovidius.
1266 2973 1356 3039 Fieri
1398 2973 1527 3059 poterit
1570 2977 1607 3038 ut
1643 2971 1732 3038 mihi

471 3193 475 3203 .
507 3095 566 3162 vix
601 3095 817 3176 consentias,
847 3097 877 3164 si
915 3099 981 3164 hos
1012 3117 1139 3165 versus
1166 3098 1285 3183 leges:

535 3270 537 3272 v
640 3239 683 3306 Ut
714 3239 810 3307 stetit
847 3246 930 3308 ante
956 3241 1079 3307 oculos
1109 3241 1226 3326 posito
1256 3241 1436 3308 velamine
1465 3245 1620 3315 nostros,

633 3383 635 3389 ¹
682 3364 722 3430 ln
749 3371 822 3433 toto
846 3384 1029 3450 nusquam
1055 3383 1205 3450 corpore
1233 3362 1364 3431 menda
1394 3364 1474 3431 iuit.

639 3488 734 3570 Quos
763 3509 923 3569 umeroS,
962 3492 1087 3575 quales
1116 3491 1188 3557 vidi
1228 3489 1398 3576 tetigique
1427 3489 1609 3557 lacertos!

684 3615 809 3682 Forma
837 3615 1069 3701 papillarum.
1087 3614 1287 3700 quam'luit
1313 3620 1395 3700 apia
1431 3613 1545 3701 premi
1576 3612 1582 3678 l
1623 3628 1625 3631 ·

640 3739 752 3819 Quam
784 3742 956 3827 castigato
994 3741 1126 3826 planus
1155 3741 1222 3807 suh
1252 3746 1394 3827 pectore
1419 3742 1573 3806 venter!

683 3864 862 3944 Quantum
886 3856 928 3934 et
952 3866 1059 3951 quale
1093 3865 1216 3933 latus!
1248 3883 1356 3950 quam
1392 3865 1557 3951 juvenale
1582 3864 1729 3931 lemur!

1264 3996 1339 4057 lm.
1367 3989 1396 4068 l,
1426 4008 1460 4068 v,
1495 3989 1547 4068 ll,
1582 4009 1661 4075 sqq.

573 4113 652 4194 Sed,
684 4115 714 4182 si
747 4120 861 4182 totum
892 4116 1001 4202 hujus
1030 4117 1163 4202 elegiae
1190 4121 1399 4183 contextum
1430 4114 1728 4192 consideraveris,

506 4237 671 4321 protinus
701 4238 967 4307 animadvertes
993 4240 1074 4325 illos
1104 4258 1229 4307 versus
1258 4238 1440 4322 cupidinis
1464 4239 1730 4305 vehementiam

469 4391 472 4397 ·
507 4363 621 4430 multo
652 4364 767 4449 magis
796 4383 906 4450 quam
938 4364 1074 4431 lormae
1095 4365 1261 4450 ¹corporis
1288 4381 1425 4431 meram
1454 4363 1729 4430 admirationem

506 4487 654 4571 spirare.
682 4487 722 4553 Et
745 4487 806 4555 illa
832 4490 940 4556 etiam
967 4489 1148 4575 cupidinis
1174 4488 1400 4556 vehementia
1424 4488 1573 4555 forsitan
1601 4507 1730 4575 parum

505 4611 643 4679 sincera
674 4612 731 4691 sii,
763 4586 954 4698 siquidem,
988 4620 1026 4680 ut
1057 4612 1228 4698 Georgius
1259 4613 1380 4680 llaibel
1415 4611 1572 4678 affirmat
1605 4612 1728 4697 (quod,

504 4735 628 4815 fateor,
668 4738 744 4804 veri
784 4737 902 4804 simile
943 4736 1022 4824 est),
1059 4758 1074 4801 n
1109 4738 1206 4805 huno
1257 4739 1376 4806 locum
1433 4737 1477 4803 ad
1532 4736 1731 4804 Philodemi

504 4862 710 4947 exemplum
747 4862 895 4929 Ovidius
926 4863 1080 4930 instituit
1107 4884 1122 4928 v
1145 4863 1168 4930 ¹.
1649 4839 1655 4848 ⁹

523 5043 524 5046 ’
550 5056 602 5109 ¹c.
618 5059 719 5122 natael,
735 5052 845 5106 cortou.
863 5056 928 5107 cod.
948 5057 1047 5121 optor.
1066 5072 1090 5125 p.
1104 5058 1183 5112 xvtl.
