4209 6184
875 780 878 786 ²
957 830 1168 901 -al-‚

417 1015 455 1082 in
489 1016 627 1101 primis,
662 1018 770 1084 etiam
803 1019 908 1085 unice
937 1027 1088 1097 amator,
1122 1024 1155 1086 et
1190 1020 1348 1085 multum
1390 1018 1479 1085 aluit
1509 1025 1547 1087 ut
1583 1038 1645 1086 rus

418 1146 451 1207 et
476 1142 652 1209 ruricolas
677 1149 936 1211 contemneret.
1646 1207 1650 1215 .

441 1272 443 1277 ’
484 1266 525 1333 ln
572 1267 746 1352 Propertii
795 1267 885 1335 libro
930 1269 1072 1336 (luobus
1116 1274 1254 1335 tantum
1301 1269 1389 1336 locis
1428 1268 1646 1336 vocabulum

421 1393 667 1460 «rusticus»
702 1393 793 1458 mibi
822 1393 980 1460 occurrit
1013 1391 1131 1479 (Prop.
1165 1393 1208 1471 ll,
1253 1414 1286 1472 v,
1315 1395 1382 1470 ⁶25;
1418 1393 1473 1471 tv,
1515 1413 1536 1468 ι,
1577 1391 1645 1478 12).

420 1518 581 1596 Quorum
616 1519 714 1604 prior
746 1518 903 1603 peiorem
939 1537 1086 1585 sensum
1129 1520 1273 1604 praebet
1310 1537 1382 1602 quo
1413 1518 1561 1617 lividius
1598 1519 1648 1585 uli

420 1643 536 1709 solet:
1148 1676 1151 1681 ·

556 1783 708 1852 llnstlctn·
740 1786 828 1852 llaec
856 1785 987 1870 aliquis
1023 1793 1095 1852 tarn
1127 1786 1244 1871 turpia
1273 1787 1405 1870 praelia
1442 1795 1601 1871 quaerat,

600 1911 710 1996 Cujus
743 1931 814 1978 non
851 1911 1004 1977 hederae
1035 1910 1211 1978 circuiere
1238 1917 1358 1995 capul.

487 2072 554 2139 His·
571 2071 846 2149 animadversis
877 2089 998 2138 nonne
1022 2071 1111 2137 milti
1138 2063 1353 2138 concludere
1375 2072 1457 2139 licet
1481 2071 1649 2138 Ovidium

422 2217 542 2264 rerum
573 2198 791 2264 rusticarum
828 2195 1106 2264 fastidiosiorem
1146 2197 1296 2280 ideoque
1332 2196 1435 2264 Urbis
1468 2205 1502 2263 et
1538 2198 1650 2263 urba-

421 2340 551 2389 narum
596 2323 855 2408 elegantiarum
901 2321 1100 2388 avidiorem
1149 2339 1227 2388 sese
1269 2322 1489 2407 praestitisse
1540 2297 1647 2406 q⁰uam

338 2497 342 2504 .
421 2447 603 2514 Tibullum
630 2454 664 2514 et
689 2449 809 2532 ipsum
836 2444 1097 2532 Propertium?
1121 2447 1243 2532 ltaque
1269 2465 1311 2513 eo
1339 2447 1487 2531 majoris
1513 2448 1650 2532 puellas

423 2573 626 2645 aestimavit
652 2591 722 2656 quo
748 2572 863 2657 magis
898 2572 1108 2639 rusticitatis
1140 2577 1303 2658 expertes
1329 2578 1442 2639 erant.
1472 2573 1530 2640 Sic
1553 2574 1650 2640 deni·

423 2717 494 2782 que
544 2698 677 2764 certius
720 2702 861 2764 constat
895 2698 929 2763 id
959 2699 1054 2782 quod
1091 2697 1163 2783 jam
1211 2717 1320 2783 supra
1362 2698 1448 2776 dixi,
1482 2698 1649 2765 Ovidium

422 2822 583 2905 primum
620 2827 653 2888 et
692 2821 824 2896 solum,
859 2821 977 2899 credo,
1006 2822 1099 2888 inter
1124 2822 1253 2889 latinos
1283 2822 1475 2907 scriptores
1496 2822 1650 2888 rusticos

422 2947 503 3014 illos
532 2965 650 3015 mores
687 2947 819 3033 quibus
850 2947 1002 3014 Romani
1026 2966 1170 3032 semper
1198 2947 1339 3032 gloriati
1369 2951 1466 3022 sunt,
1503 2946 1650 3030 quibus·

423 3092 492 3158 que
533 3073 609 3159 ipse
652 3073 858 3166 Propertius
901 3073 1042 3139 laudem
1081 3090 1172 3157 quae
1216 3071 1357 3139 videtur
1393 3071 1532 3138 sincera
1572 3090 1651 3139 esse

423 3198 548 3264 tribuit
574 3198 637 3286 (ct.
667 3199 771 3283 Prop.
805 3197 860 3272 IV,
892 3214 913 3271 n
945 3216 1017 3264 non
1042 3196 1162 3263 solum
1191 3196 1422 3282 dedignatum
1457 3215 1548 3275 esse,
1588 3199 1650 3263 sed

366 3399 372 3407 ‚
423 3325 530 3391 etiam
557 3323 802 3390 inlamavisse.

483 3535 592 3599 Num
639 3550 683 3599 re
730 3549 830 3598 vera
877 3535 926 3597 de
977 3532 1210 3611 puellarum
1250 3530 1433 3596 moribus
1478 3530 1650 3596 Ovidius

422 3648 642 3715 curaverit.
687 3689 730 3699 -
765 3652 868 3719 Nunc
909 3650 953 3717 ad
993 3649 1197 3736 puellarum
1245 3668 1363 3716 mores
1410 3655 1647 3716 revertamur.

424 3776 491 3842 Sed
520 3775 679 3860 primum
709 3776 905 3842 videndum
935 3780 989 3841 est
1016 3792 1106 3840 num
1140 3792 1284 3840 revera
1315 3773 1545 3840 (lemuribus
1586 3791 1651 3852 nec

424 3900 466 3964 de
499 3899 710 3985 corporibus
740 3899 859 3965 solum
890 3898 1038 3966 Ovidius
1070 3898 1264 3965 curaverit.

491 4023 638 4090 Minime
670 4042 802 4107 corpus
833 4026 955 4090 animo
996 4024 1204 4109 praeposuit
1233 4028 1334 4107 poeta
1366 4023 1427 4106 qui
1466 4022 1502 4088 in
1539 4026 1649 4088 licitu-

424 4145 491 4214 ‹tt't's
521 4146 657 4248 liumus
684 4154 882 4216 amatorem
913 4147 964 4214 sic
993 4148 1153 4232 increpat
1186 4165 1192 4212 :

558 4309 601 4376 Ut
629 4327 762 4394 corpus
790 4309 958 4385 redimas
990 4308 1129 4376 lerrum
1168 4308 1314 4394 patieris
1346 4314 1379 4375 et
1412 4308 1524 4392 ignes,

602 4434 709 4500 Arida
741 4451 807 4500 nec
838 4433 963 4501 sitiens
996 4451 1056 4498 ora
1091 4432 1226 4498 levabis
1257 4450 1350 4516 aqua
1381 4449 1388 4497 :

558 4557 599 4626 Ut
631 4558 750 4625 valeas
786 4558 907 4625 animo
936 4556 1132 4642 quicquam
1161 4558 1312 4624 tolerare
1345 4555 1521 4639 negabis?

602 4685 646 4750 At
675 4682 829 4767 pretium
865 4700 948 4768 pars
979 4682 1073 4781 ¹haec
1106 4699 1255 4767 corpore
1289 4681 1405 4766 maius
1440 4682 1558 4748 habel.

1179 4810 1269 4873 liunt.
1298 4809 1374 4872 llua.
1410 4806 1475 4873 229
1500 4825 1579 4892 sqq.

490 4972 600 5056 igitur
640 4970 778 5056 puellas
823 4968 1017 5035 admonere
1052 4985 1123 5034 non
1160 4968 1298 5035 dubitat
1342 4973 1380 5033 ut
1421 4968 1542 5034 animo
1582 4984 1648 5034 suo
