4209 6184
1016 861 1153 918 „g-

472 1046 732 1126 observatiouis
751 1052 899 1121 Amores.
922 1055 981 1116 ln
1005 1049 1196 1125 Amatoria,
1218 1048 1376 1116 ltrrocdio
1400 1047 1545 1121 ⁴lrooris,
1571 1046 1692 1114 Tristia

473 1177 506 1237 et
534 1158 706 1257 Epistuloc
731 1193 770 1239 co
805 1178 926 1241 Ponto.

536 1296 696 1366 Forsitan
728 1320 746 1365 a
773 1318 830 1367 me
859 1307 957 1386 petas
987 1319 1053 1367 cur
1077 1300 1192 1367 Ovidii
1220 1301 1381 1400 carmina
1408 1301 1581 1367 amatoria
1601 1301 1693 1365 'tan-

469 1429 547 1489 tum
577 1424 767 1518 attigerim.
798 1424 932 1511 Nempe
966 1426 1065 1492 nolui
1101 1426 1194 1492 banc
1229 1425 1519 1493 dissertationem
1551 1423 1694 1508 longius

468 1546 679 1630 protendere
708 1568 716 1625 ;
749 1549 844 1633 quod
869 1556 963 1616 certe
994 1549 1172 1622 iecissem,
1212 1549 1241 1615 si
1282 1568 1341 1615 me
1368 1549 1538 1622 omnibus
1574 1546 1690 1614 Ovidii

460 1671 636 1755 operibus
680 1673 969 1758 applicavissem.
1011 1675 1122 1759 Igitur
1156 1693 1199 1741 ex
1242 1675 1313 1741 illis
1350 1674 1519 1759 operibus
1555 1672 1691 1758 aliquid

469 1795 599 1879 eligere
652 1796 771 1875 debui,
825 1798 920 1882 quod
975 1805 1179 1866 tractarem.
1231 1799 1300 1865 Cur
1356 1804 1475 1864 autem
1532 1798 1692 1864 carmina

470 1920 641 1988 amatoria
666 1922 895 2005 potissimum
923 1923 1091 2008 elegerim
1124 1924 1280 1991 breviter
1306 1925 1436 1991 dicam.

535 2044 623 2112 Cum
656 2046 745 2112 mihi
777 2049 813 2127 in
848 2049 969 2115 animo
994 2055 1089 2115 esset
1121 2068 1293 2134 quaerere
1329 2048 1512 2132 quomodo
1545 2047 1693 2114 Ovidius

469 2171 633 2237 homines
680 2176 713 2239 et
754 2190 810 2238 res
847 2173 1092 2240 observaverit
1134 2180 1168 2240 et
1198 2173 1441 2257 descripserit,
1478 2172 1568 2238 nibil
1603 2171 1693 2238 mibi

469 2295 587 2380 aptius
631 2295 749 2362 visum
795 2304 847 2364 est
887 2297 931 2363 ad
977 2316 1099 2364 meum
1155 2299 1380 2382 propositum
1421 2298 1693 2381 exsequendum

470 2422 764 2505 quam'carmina
796 2422 968 2489 amatoria
1005 2422 1196 2508 diligenter
1229 2423 1395 2500 scrutari,
1429 2441 1513 2489 cum
1547 2441 1587 2487 ea
1623 2422 1696 2487 siut

470 2545 630 2613 veritatis
667 2554 701 2613 et
729 2547 989 2614 observationis
1016 2547 1144 2614 ceteris
1180 2547 1294 2614 Ovidii
1325 2547 1549 2614 carminibus
1581 2546 1695 2612 multo

470 2671 642 2755 pleniora.
672 2672 739 2739 Sed
772 2672 844 2756 jam
875 2675 1121 2757 opportunum
1147 2671 1288 2738 videtur
1325 2672 1538 2738 summatim
1578 2671 1695 2737 dicere

470 2795 550 2879 quis
580 2796 719 2863 fructus
748 2815 791 2862 ex
823 2797 976 2880 singulis
1006 2796 1078 2863 illis
1112 2797 1348 2873 carminibus,
1378 2797 1473 2880 quod
1502 2795 1545 2860 ad
1574 2813 1695 2860 meum

472 2919 664 2989 consilium
697 2927 847 3005 spectat,
888 2920 967 3005 capi
999 2922 1124 3005 possit.

536 3068 684 3129 Amores.
727 3101 765 3110 -
801 3062 836 3130 Si
870 3062 987 3130 Ottoni
1021 3063 1206 3130 Ribbeck¹
1237 3063 1460 3130 credendum
1490 3069 1554 3136 est,
1595 3063 1696 3137 scho³

472 3188 541 3252 lam
575 3194 715 3253 tantum
745 3194 778 3253 et
809 3187 1025 3254 rhetoricam
1062 3187 1223 3254 redolent
1256 3186 1373 3253 Ovidii
1412 3191 1560 3253 Amores.
1597 3187 1694 3252 Docti

472 3311 619 3394 quidem
663 3311 729 3377 viri
775 3311 949 3395 judicium
999 3329 1071 3377 non
1121 3311 1227 3396 plane
1283 3313 1406 3395 probo.
1465 3311 1601 3377 Etenim
1659 3310 1695 3375 in

471 3434 652 3503 amoribus
684 3442 719 3502 et
749 3436 965 3503 rhetoricam
992 3443 1026 3502 et
1055 3436 1150 3503 locos
1179 3454 1392 3503 communes
1418 3442 1452 3502 et
1477 3436 1694 3502 imitationes

472 3561 625 3628 inveniri
680 3579 784 3646 posse
841 3578 913 3626 non
965 3561 1206 3645 negaverim*
1252 3581 1259 3638 ;
1311 3568 1471 3627 ceterum
1520 3561 1697 3627 contendo

472 3686 585 3753 multa
625 3687 660 3752 iu
706 3688 756 3753 eis
804 3704 846 3751 ex
892 3685 1141 3752 observatione
1188 3691 1222 3752 et
1268 3686 1448 3752 cotidiano
1494 3685 1586 3752 vitae
1629 3704 1695 3751 usu

472 3813 630 3880 adbibita
664 3811 784 3878 luisse.
816 3811 902 3877 Nam
938 3811 966 3876 si
995 3809 1155 3890 Ovidius
1187 3830 1231 3878 ex
1267 3811 1510 3877 adulescentia
1546 3810 1697 3876 vixdum

475 3956 644 4023 egressus
680 3956 751 4020 quo
786 3942 946 4021 tempore
980 3939 1117 4001 Amores
1151 3936 1340 4011 scribebat,
1384 3936 1579 4002 memoriae
1612 3954 1697 4001 suae

474 4067 508 4130 et
539 4062 722 4130 doctrinae
753 4061 949 4129 admodum
978 4060 1125 4138 recenti,
1159 4068 1198 4128 ut
1224 4061 1301 4127 fieri
1333 4060 1434 4136 solet,
1466 4061 1696 4136 inserviebat,

474 4194 630 4255 attamen
662 4205 733 4254 nou
764 4206 806 4252 ex
835 4186 934 4253 libris
968 4186 1087 4253 solum
1118 4185 1275 4263 amavit;
1306 4191 1351 4262 et,
1383 4191 1423 4251 ul
1459 4192 1534 4252 erat
1564 4185 1697 4251 amoris

473 4314 544 4399 jam
579 4330 649 4379 uon
682 4312 795 4389 rudiS,
828 4327 899 4376 non
928 4328 971 4378 ex
1004 4310 1105 4377 libris
1140 4310 1271 4385 solum,
1304 4309 1365 4376 sed
1396 4329 1439 4376 ex
1474 4308 1596 4376 animo
1630 4329 1696 4375 suo

524 4540 578 4588 ¹0.
606 4541 733 4601 Ribbeck,
755 4534 913 4587 Gesclricbte
938 4538 987 4587 der
1005 4535 1167 4587 rlimisclrco
1188 4535 1337 4600 limbriaco,
1359 4541 1505 4602 stuttgart,
1527 4540 1595 4588 1899.
1615 4541 1643 4587 T.
1667 4541 1700 4598 ll,

475 4636 500 4682 p.
516 4620 593 4670 229...
615 4635 644 4669 er
668 4621 746 4669 mehr
762 4620 831 4668 nach
853 4621 975 4668 Buchern
995 4620 1035 4669 als
1052 4620 1120 4668 nacb
1136 4621 1197 4668 dem
1214 4621 1302 4668 Lebcu
1322 4620 1485 4681 geschildert
1503 4620 1568 4677 hat;
1587 4634 1612 4680 p.
1624 4619 1699 4668 232...

475 4715 504 4749 so
527 4701 574 4750 hal
599 4714 660 4749 man
684 4702 735 4749 deu
759 4701 895 4749 Eiudruck
921 4703 996 4749 einer
1019 4701 1122 4749 nalrezu
1147 4700 1343 4762 vollstimdigeu
1370 4701 1530 4762 Sammlung
1553 4700 1701 4748 erotlsclrer

476 4783 682 4844 Gemelnplatze‚
698 4783 774 4830 einer
788 4782 981 4843 Eucyclopidic
995 4782 1061 4829 oder
1077 4782 1194 4830 Palirstra
1208 4783 1255 4829 des
1270 4783 1362 4841 Amor,
1380 4783 1450 4829 etc...

522 4879 530 4907 ²
546 4880 582 4927 De
598 4879 646 4927 hae
660 4872 691 4928 τὸ
711 4879 812 4940 proluit
827 4879 916 4939 legere
932 4880 961 4927 G.
980 4879 1072 4927 Kalbel
1089 4894 1095 4927 z
1111 4873 1269 4925 Philodcmi
1291 4876 1461 4926 Gorloreosis
1483 4876 1699 4938 epiprommoto.

476 4960 532 5008 lud.
550 4961 612 5010 Sch.
632 4961 789 5022 Greiswalrl,
808 4960 877 5009 1885.
895 4960 950 5019 Quo
962 4962 989 5007 in
1004 4973 1085 5022 opero
1104 4959 1227 5008 Ovidium
1241 4974 1255 5007 a
1269 4961 1421 5007 Philodcmo
1436 4972 1488 5007 nou
1502 4959 1568 5006 nihil
1584 4961 1701 5021 pendere

474 5042 686 5092 demonstratur.
