4209 6184
972 883 1131 942 —5‘2-

575 1072 614 1137 111
645 1070 819 1156 quidquid
850 1071 970 1146 iacias,
994 1070 1143 1137 dicasve·
1168 1069 1369 1156 protervius
1395 1083 1509 1150 aequo

621 1195 793 1263 Credatur
828 1196 980 1261 nimium
1006 1214 1117 1263 causa
1142 1195 1254 1263 luisse
1281 1211 1437 1260 merum.

574 1321 613 1385 Et
631 1341 645 1382 a
667 1321 756 1387 bene
779 1341 794 1384 11
810 1318 868 1386 llic
886 1340 901 1383 a
921 1320 1101 1397 dominae,
1113 1320 1298 1386 benecum
1310 1318 1547 1402 quodormiat
1560 1318 1621 1384 illa
1635 1338 1665 1382 a.

1261 1446 1301 1508 Α.
1336 1446 1409 1508 11111.
1438 1441 1463 1521 l,
1495 1442 1558 1510 597
1586 1461 1665 1527 sqq.

506 1586 606 1666 Quid,
640 1606 724 1653 cum
758 1586 906 1654 Ovidius
944 1587 1141 1654 Romanam
1176 1587 1400 1671 juventutem
1433 1585 1597 1652 hortatur
1629 1590 1669 1651 ut

440 1710 551 1776 bonas
580 1717 674 1777 artos
703 1711 829 1790 discat,
862 1710 909 1777 ita
947 1717 1072 1777 tamen
1099 1730 1143 1778 ne
1174 1728 1296 1777 coram
1327 1709 1442 1776 amica
1472 1709 1666 1793 quisquam

437 1835 659 1931 ineptissime
691 1834 862 1902 declamet
890 1854 897 1900 :

570 1976 637 2042 Sed
670 1977 803 2043 lateant
831 1977 936 2054 vires,
970 1996 1036 2042 neo
1071 1976 1120 2042 sis
1150 1978 1187 2042 in
1214 1977 1328 2043 lronle
1351 1976 1506 2044 disertus
1522 1997 1530 2055 ;

613 2101 790 2186 Effugiant
817 2118 922 2167 voces
954 2100 1061 2167 verba
1091 2075 1239 2167 molesta
1275 2101 1382 2167 tuae!

570 2225 654 2306 eris
688 2226 757 2292 uisi
789 2226 920 2292 mentis
944 2225 1049 2312 inops
1081 2231 1221 2292 tenerae
1248 2225 1425 2294 declamet
1450 2224 1623 2293 amicae?

1211 2354 1249 2415 11.
1278 2356 1351 2417 lut.
1380 2351 1403 2429 l,
1432 2350 1496 2417 463
1521 2370 1598 2435 sqq.

504 2494 540 2559 Si
562 2495 708 2577 quando
732 2498 869 2560 amator
890 2493 1050 2560 carmina
1071 2494 1208 2560 amicae
1225 2494 1440 2570 recitaverit,
1466 2511 1537 2560 non
1560 2493 1668 2560 refert

438 2627 559 2685 ulrum
596 2618 654 2683 illa
687 2618 757 2684 sint
798 2618 892 2684 mala
926 2636 972 2683 an
1005 2617 1109 2695 hona,
1147 2618 1345 2685 dummodo
1378 2618 1560 2685 recitantis
1598 2637 1669 2684 vox

438 2742 561 2809 suavis
593 2742 671 2806 sit:

575 2917 1047 2931 ........
1102 2866 1263 2932 carmina
1298 2867 1408 2934 lector

614 2991 846 3058 Commendet
877 2990 974 3057 dulci
1006 2991 1286 3076 qualiacumque
1321 3009 1422 3059 sono.

1289 3119 1328 3182 .-t.
1356 3121 1429 3182 11111.
1457 3115 1497 3193 11,
1524 3117 1601 3184 283.

438 3259 624 3344 Ingeniosa
655 3258 814 3342 uiridem,
851 3264 885 3325 et
919 3259 1094 3344 ingeniosi
1124 3259 1364 3326 observatoris
1401 3259 1601 3327 sententia!

507 3383 554 3448 lle
573 3382 786 3448 muneribus
810 3382 854 3447 ab
875 3389 1035 3449 amatore
1055 3382 1098 3448 ad
1119 3384 1276 3467 puellam
1300 3383 1484 3450 mittendis
1502 3383 1671 3449 nonnulli
1733 3440 1740 3449 .

442 3514 583 3574 exstant
603 3525 743 3582 versus,
768 3506 804 3571 in
825 3507 956 3590 quibus
977 3507 1098 3574 nescio
1116 3513 1238 3574 utrum
1255 3509 1485 3591 sagacitatem
1503 3507 1540 3573 in
1565 3525 1672 3574 scru—

441 3630 559 3698 tandis
581 3631 724 3706 animis,
743 3649 788 3695 an
806 3629 961 3698 l'acetum
979 3631 1151 3699 orationis
1167 3631 1325 3700 colorem
1353 3633 1467 3718 magis
1484 3632 1641 3699 admirer
1663 3652 1670 3698 :

575 3771 645 3836 Neo
676 3772 860 3837 dominam
894 3772 999 3856 jubeo
1031 3773 1187 3857 pretioso
1213 3792 1363 3841 munere
1389 3774 1514 3840 dones.

621 3896 743 3970 Parva,
776 3898 837 3962 sed
866 3916 884 3963 o
910 3898 1031 3981 parvis
1061 3897 1214 3965 callidus
1243 3904 1323 3982 apta
1354 3900 1448 3964 dato.

576 4018 667 4086 llum
695 4022 784 4086 bene
810 4022 909 4086 dives
937 4040 1032 4105 ager,
1062 4021 1150 4088 dum
1182 4024 1271 4088 rami
1300 4024 1456 4107 pondere
1486 4028 1626 4099 nutant,

623 4144 768 4211 adierat
806 4145 842 4209 iu
873 4145 1013 4211 calatho
1041 4147 1303 4221 rusticarlona
1332 4165 1431 4230 puer,

578 4270 671 4335 Rure
699 4270 907 4335 sarburbano
941 4270 1073 4354 poteris
1105 4269 1169 4336 tibi
1202 4271 1321 4337 dicere
1353 4271 1475 4350 missa,

623 4403 685 4468 llla
718 4404 772 4469 vel
806 4404 840 4468 in
876 4404 984 4470 Sacra
1018 4405 1091 4471 sint
1120 4404 1203 4470 licet
1227 4412 1346 4497 eurota
1379 4404 1447 4470 via.

580 4528 726 4593 Adferat
751 4534 810 4592 aut
842 4546 943 4605 uvaS,
977 4536 1038 4595 aut
1068 4547 1158 4613 quas
1188 4529 1384 4612 Amaryllis
1420 4530 1563 4595 amabat

626 4652 684 4734 (At
712 4670 810 4717 nunc
839 4656 1024 4718 castaneas
1058 4672 1130 4720 non
1166 4661 1262 4720 amat
1294 4653 1353 4717 illa
1369 4652 1391 4738 1)
1425 4672 1547 4719 nuces.

583 4777 674 4856 Quin
708 4776 814 4841 etiam
849 4778 1025 4862 turdoque
1049 4778 1132 4844 licet
1161 4779 1343 4860 missaque
1374 4794 1505 4844 corona

626 4901 671 4965 To
698 4918 895 4967 rrranrorem
927 4902 1095 4968 dominae
1128 4901 1315 4969 testificere
1346 4907 1440 4968 tuae.

1174 5029 1213 5091 1.
1242 5029 1316 5092 Aut.
1352 5026 1394 5104 11,
1430 5026 1490 5092 aul
1523 5044 1601 5111 sqq.
