4209 6184
978 878 1137 938 „21-

447 1081 632 1130 comarum
661 1067 819 1149 positum
844 1067 1040 1152 quemdam
1066 1068 1102 1133 in
1132 1066 1284 1134 formam
1314 1069 1502 1136 testudinis
1529 1068 1674 1136 concin-

448 1194 571 1255 natum
608 1191 675 1258 hoo
709 1210 815 1258 versu
853 1192 1059 1277 significari.
1097 1192 1154 1258 Sic
1182 1198 1304 1259 censet
1339 1192 1511 1278 Georgius
1541 1193 1576 1259 in
1607 1211 1674 1260 suo

418 1313 560 1381 ⁴lexico
598 1315 620 1380 ¹.
663 1316 731 1383 Sed
773 1317 862 1383 milri
903 1318 1044 1384 videtur
1088 1337 1104 1378 a
1149 1318 1271 1384 ornari
1314 1319 1492 1385 testudine
1536 1339 1552 1382 1)
1599 1337 1672 1385 333

448 1455 552 1524 posse
585 1441 634 1506 ita
659 1441 857 1526 explanari.
890 1441 1008 1508 Malim
1043 1442 1222 1526 conjicere
1255 1443 1299 1509 de
1323 1450 1535 1510 ornamento
1560 1444 1674 1510 crini-

447 1565 514 1631 bus
546 1566 670 1645 intixo,
702 1573 736 1633 et
775 1568 890 1646 lyram
923 1567 978 1633 vel
1017 1566 1209 1634 testudinis
1246 1569 1365 1653 ipsum
1407 1568 1556 1635 dorsum
1589 1570 1673 1635 1311-

446 1694 555 1757 tante.
596 1690 744 1757 Nullum
776 1709 861 1757 vero
892 1692 1012 1758 inveni
1044 1699 1324 1758 monumentum
1358 1710 1429 1777 quo
1459 1692 1535 1759 sive
1571 1693 1669 1771 haec,

447 1815 523 1881 sive
555 1815 615 1881 illa
643 1816 764 1900 opinio
795 1815 1083 1883 confirmaretur.

578 1977 613 2042 8⁰
639 1976 819 2044 Sustineat
850 1977 987 2043 similes
1020 1977 1191 2044 fluctibus
1221 1977 1280 2043 illa
1315 1978 1429 2044 sinus¹
1495 1986 1500 1997 '

512 2136 626 2221 Hujus
656 2155 782 2204 versus
812 2155 960 2203 sensum
993 2154 1100 2203 nemo
1132 2137 1272 2221 estqui
1305 2155 1376 2202 non
1402 2138 1508 2223 plane
1534 2137 1673 2204 intelle·

443 2268 514 2346 gat.
554 2261 676 2327 Crines
721 2260 899 2329 undantes
937 2261 986 2327 ita
1024 2268 1064 2328 ut
1103 2261 1270 2327 sinuosos
1312 2231 1444 2328 fluctus
1485 2262 1671 2328 imitentur

444 2404 527 2452 cum
558 2385 596 2452 in
624 2387 774 2471 graecis,
804 2391 881 2452 tum
910 2386 945 2451 in
969 2387 1129 2453 romanis
1155 2386 1402 2453 monumentis
1427 2387 1550 2453 videre
1575 2386 1667 2452 licet.
1754 2414 1756 2418 ·

447 2511 482 2577 Et
524 2511 583 2577 hic
625 2510 770 2594 quidem
811 2509 1026 2595 capillorum
1070 2517 1218 2577 ornatus
1262 2512 1433 2594 antiquus
1476 2516 1541 2586 est,
1585 2529 1669 2576 cuni

445 2635 650 2702 inveniatur
685 2636 721 2700 in
752 2635 933 2702 veteribus
963 2636 1168 2702 simulacris
1200 2653 1290 2719 quae
1317 2635 1479 2713 1111131113,
1514 2636 1550 2700 111
1578 2635 1669 2702 Arce
1735 2640 1738 2646 ’

444 2768 581 2845 reperta
620 2767 705 2827 sunt
736 2780 743 2826 :
781 2760 839 2844 (cl.
878 2760 1076 2846 Collignon,
1119 2757 1245 2846 Sru-lpt.
1282 2779 1348 2844 ur„
1381 2760 1405 2830 Ι.
1438 2778 1473 2844 p.
1507 2758 1582 2835 356,
1619 2762 1667 2845 pl.

443 2884 512 2964 Vl).
549 2864 616 2951 Sed
653 2886 780 2953 inutile
818 2892 869 2952 est
902 2885 1153 2970 antiquitatem
1195 2891 1226 2951 et
1273 2904 1397 2969 graeca
1433 2892 1668 2952 monumenta

442 3011 608 3076 scrutari.
641 3011 724 3076 Tres
759 3011 855 3076 enirn
890 3010 1024 3094 figuras
1056 3027 1225 3075 romanas
1251 3009 1372 3075 videre
1408 3009 1541 3093 poteris
1572 3011 1667 3094 apud

443 3135 522 3200 Dar.
562 3140 596 3202 et
631 3135 724 3218 Sagl.
759 3139 796 3200 ll.
833 3132 866 3201 d.
903 3140 939 3199 ,1.
974 3139 1040 3200 art.
1072 3136 1187 3212 Cornu,
1211 3133 1269 3217 lig.
1306 3133 1402 3205 1867,
1439 3133 1535 3212 1866,
1567 3134 1664 3212 1861,

441 3279 532 3344 quae
558 3260 619 3326 tibi
647 3259 757 3344 liujus
789 3266 938 3326 ornatus
977 3260 1130 3342 insignia
1164 3260 1327 3343 exempla
1363 3259 1596 3343 praebebunt.
1681 3230 1683 3234 Α

508 3385 621 3460 Nunc,
649 3391 846 3470 ,postquam
887 3384 1003 3450 Ovidii
1031 3403 1159 3452 versus
1189 3385 1287 3462 33113,
1318 3390 1357 3450 ut
1383 3385 1522 3469 opinor,
1554 3385 1665 3469 expli-

440 3511 531 3587 cavi,
561 3516 729 3595 cooptum
762 3510 828 3576 iter
862 3527 1008 3594 pergere
1033 3509 1234 3576 instituam.

508 3724 647 3791 Puellas
690 3725 782 3790 male
820 3724 968 3790 crinitas
998 3725 1111 3810 lepide
1141 3724 1266 3790 irridet
1290 3723 1437 3790 Ovidius
1481 3722 1660 3789 narrando

439 3849 525 3934 quid
551 3849 626 3933 ipse
656 3847 849 3933 aliquando
879 3848 1037 3915 viderit:

463 4083 467 4091 ·
573 3991 694 4057 Dictus
722 4009 821 4056 eram
854 3991 972 4056 subito
1001 3990 1146 4057 cuidam
1174 3990 1315 4057 venisse
1343 3989 1504 4074 puellae;

615 4098 770 4182 Turbida
797 4134 984 4200 perversas
1016 4116 1134 4182 induit
1165 4115 1226 4181 illa
1257 4133 1391 4182 comas.

572 4240 740 4306 Hostibus
771 4241 912 4305 eveniat
941 4245 1013 4305 tam
1044 4239 1138 4306 ioedi
1163 4257 1271 4305 causa
1298 4238 1458 4322 pudoris,

617 4365 729 4448 lnque
761 4382 875 4430 nurus
906 4364 1055 4430 Parthas
1084 4364 1240 4430 dedecus
1267 4363 1356 4428 illud
1392 4363 1481 4429 eat!

571 4491 685 4574 Turpe
714 4507 823 4574 pecus
847 4486 1040 4566 niutilum,'
1059 4489 1175 4573 turpis
1202 4488 1279 4553 sine
1304 4488 1466 4571 gramine
1495 4504 1659 4570 33111333,

504 4659 510 4669 ·
615 4615 655 4681 Et
692 4615 769 4680 sine
795 4614 921 4680 ironde
946 4613 1065 4706 frutex
1097 4597 1129 4680 et
1162 4613 1240 4678 sine
1268 4613 1369 4679 crine
1399 4619 1518 4697 caput..

1124 4821 1127 4825 1
1185 4739 1319 4803 ,1.11111.
1347 4736 1488 4809 111215
1513 4753 1591 4818 sqq.

484 4966 492 4995 ¹
517 4967 547 5015 11.
564 4967 591 5014 Ε.
613 4966 753 5028 Georges:
778 4958 1001 5012 Lot-Deutsclres
1023 4959 1285 5012 Hundrrdrterlruolr.
1306 4967 1358 5012 art.
1381 4962 1510 5010 testudo:
1534 4965 1660 5011 eineder

436 5047 545 5099 Cithara
566 5045 690 5098 ahnllehe
716 5043 880 5095 Haartrisur.
