4209 6184
843 1197 991 1271 INDEX
1019 1197 1191 1272 RERUM

1565 1419 1630 1475 Pagos

405 1493 580 1547 Prrooruruu
588 1532 1554 1547 ..................
1613 1495 1630 1549 5

1013 1727 1022 1780 l

915 1901 962 1952 De
984 1899 1117 1953 faminis

403 2035 481 2102 Quae
494 2036 556 2090 sint
571 2035 732 2091 Ovidianae
751 2036 888 2091 leminae.
906 2065 938 2073 -
960 2036 998 2090 De
1014 2037 1232 2092 meretricibus.
1253 2067 1284 2075 -
1309 2039 1347 2092 lle
1362 2039 1465 2107 nuplis
1480 2044 1509 2094 el
1523 2039 1560 2094 de

409 2196 412 2204 ,
456 2125 656 2180 matrimonio.
676 2155 708 2162 -
730 2125 769 2180 De
789 2124 931 2180 vocabulo
951 2140 965 2177 o
987 2126 1083 2194 puella
1101 2141 1126 2177 u.
1140 2155 1173 2165 -·
1189 2127 1226 2181 De
1244 2127 1409 2196 puellarum
1425 2128 1558 2197 corporis

457 2213 570 2268 habitu.
587 2243 621 2252 -
637 2215 676 2269 lle
692 2215 778 2269 vultu
795 2214 932 2269 lemineo.
944 2243 979 2252 -
996 2214 1034 2268 De
1047 2230 1130 2270 coma
1149 2221 1178 2270 el
1199 2215 1236 2270 de
1249 2215 1423 2285 capillorum
1437 2222 1555 2271 ornalu.

457 2305 544 2359 —De
567 2304 731 2372 puellarum
757 2305 879 2359 vestitu.
896 2306 985 2359 —De
1005 2305 1132 2359 femineo
1153 2304 1272 2360 incessu
1298 2309 1327 2360 el
1347 2310 1444 2374 gestu.
1468 2335 1499 2344 -
1520 2308 1558 2362 De

456 2393 620 2462 puellarum
637 2393 730 2449 cultu.
742 2423 777 2431 -
791 2395 830 2447 De
845 2394 1010 2462 puellarum
1028 2393 1172 2448 moribus
1194 2422 1224 2431 —
1240 2395 1278 2448 lle
1294 2394 1473 2450 vocabulis«
1489 2410 1554 2451 rus-

457 2481 567 2549 ticitas,
591 2483 724 2538 rusticus
750 2498 763 2534 u
789 2483 867 2552 apurl
883 2483 1032 2538 Ovidium.
1056 2513 1087 2520 -
1112 2484 1185 2536 Num
1207 2498 1238 2537 re
1254 2499 1323 2538 vera
1341 2484 1377 2538 de
1392 2483 1557 2553 puellarum

456 2571 588 2626 moribus
605 2571 729 2627 Ovidius
744 2573 904 2627 curaverit.
922 2602 954 2610 —
972 2574 1010 2626 llo
1023 2571 1143 2627 leminis
1158 2587 1233 2640 quae
1245 2573 1282 2626 ab
1297 2573 1402 2628 Ovidio
1418 2573 1558 2629 Heroides

457 2665 671 2729 nuncupantur
694 2701 699 2711 .
748 2704 752 2713 .
802 2705 807 2714 .
856 2704 860 2713 .
909 2686 914 2715 .·
962 2701 1554 2716 ............
1614 2663 1631 2718 ll

1006 2896 1029 2948 ll

497 3073 544 3124 De
561 3071 661 3124 robus
678 3084 762 3135 quaa
778 3071 821 3123 ad
837 3071 1022 3136 puellarum
1040 3070 1173 3125 vivendi
1190 3049 1537 3138 rationem'pertinent

406 3211 443 3264 [lc
466 3209 595 3278 janilore
616 3210 652 3264 ad
676 3210 789 3279 puellae
813 3211 902 3264 lores.
924 3239 952 3246 —
971 3211 1008 3264 De
1031 3211 1167 3266 eunucho
1189 3212 1304 3280 puellae
1320 3211 1452 3266 cuslcde.
1470 3242 1503 3249 -
1520 3213 1559 3265 De

459 3298 553 3367 puella
570 3298 649 3354 inlra
663 3299 783 3353 domum
799 3315 894 3354 suam.
913 3328 943 3336 -
961 3300 1000 3354 lle
1019 3300 1147 3354 ancillis.
1167 3329 1198 3353 -.-
1216 3301 1254 3354 lle
1272 3301 1346 3355 lena.
1361 3330 1394 3337 -
1409 3301 1446 3355 [le
1462 3301 1558 3369 puella

459 3392 544 3443 extra
558 3389 678 3442 domum
695 3405 789 3444 suam.
804 3417 837 3426 -
852 3389 889 3442 De
907 3388 987 3442 Urbe
998 3390 1086 3443 llcma
1122 3428 1556 3442 .........
1597 3390 1631 3443 lu

1002 3620 1040 3673 lll

885 3796 932 3846 De
944 3793 1149 3847 amatoribus

406 3934 443 3987 De
458 3932 600 3987 amatoris
626 3933 729 3988 habilu
754 3934 897 4001 corporis
917 3961 947 3969 —
968 3932 1004 3986 De
1025 3933 1168 3987 amaloris
1185 3932 1326 3987 moribus.
1347 3932 1433 3987 -lle
1455 3933 1557 3987 milile.

457 4020 1399 4089 -Demarilo.-lle0virliolpso.-Desermonearrralcrio
1442 4063 1446 4073 .
1495 4063 1500 4072 .
1548 4064 1554 4074 .
1596 4021 1631 4074 llll

1002 4252 1036 4305 lv

925 4426 972 4477 Do
989 4425 1108 4476 Amore

405 4565 443 4618 lle
468 4563 612 4619 Ovidiano
640 4578 749 4617 amore.
777 4591 809 4599 -
839 4562 877 4615 llo
897 4561 1006 4616 amoris
1029 4562 1191 4617 doloribus
1214 4561 1310 4615 —·De
1333 4566 1436 4616 morie.
1461 4589 1495 4598 -
1522 4564 1558 4617 llo

457 4653 600 4723 religione
642 4690 1553 4706 .................
1595 4651 1631 4706 62

403 4779 567 4834 Coscausro
588 4816 807 4830 .....
856 4822 858 4827 .
909 4813 1554 4830 ............
1595 4775 1630 4831 69

716 4989 824 4996 ———
