4209 6184
966 881 1123 941 „54-

501 1070 541 1135 lli
567 1077 652 1137 sunt
676 1089 767 1155 quos
791 1070 961 1136 facillime
977 1051 1069 1134 inter
1094 1067 1228 1134 multos
1255 1081 1429 1151 agnoscas
1452 1080 1535 1129 cum
1560 1059 1661 1127 cultu

436 1195 596 1279 corporis
629 1196 702 1261 iere
734 1195 889 1261 lemineo
916 1195 1133 1261 decorentur
1163 1211 1170 1257 :

570 1336 638 1403 Sed
664 1339 772 1404 vitate
801 1337 898 1404 viros
931 1337 1070 1403 cultum
1101 1337 1327 1418 formamque
1355 1333 1547 1418 professos.

614 1460 751 1547 Quique
778 1481 862 1528 snas
893 1464 1033 1546 ponunt
1073 1462 1108 1526 in
1139 1461 1291 1528 statione
1322 1475 1454 1525 comas.

1241 1589 1276 1649 l.
1312 1586 1386 1649 limi.
1417 1581 1475 1657 lll,
1515 1579 1591 1647 433.

503 1729 673 1796 Homines
698 1730 750 1798 sic
772 1730 838 1796 sibi
862 1731 1044 1816 placentes
1067 1736 1106 1795 ut
1130 1729 1335 1794 existiment
1361 1744 1399 1791 se
1423 1725 1467 1790 ab
1490 1723 1661 1790 omnibus

437 1862 651 1929 mulieribus
680 1865 837 1931 adamari
870 1884 876 1930 :

572 2007 763 2092 Praecipue
794 2009 822 2073 si
854 2010 974 2074 cultus
1004 2008 1082 2079 erit,
1117 2007 1336 2092 speculoque
1364 2003 1530 2090 placebit.

614 2131 721 2196 Posse
750 2150 815 2197 sno
846 2133 942 2216 tangi
978 2132 1096 2199 credet
1127 2149 1248 2196 amore
1281 2131 1378 2195 deas.

1254 2257 1405 2331 illm„
1431 2251 1489 2329 lll,
1516 2251 1592 2317 681.
1674 2327 1677 2332 .

503 2397 714 2463 Amatorum
760 2399 858 2463 aliud
890 2417 1004 2483 genus
1045 2397 1193 2465 Ovidius
1227 2395 1368 2480 attingit
1402 2400 1436 2460 et
1468 2394 1660 2473 vituperat,

437 2531 541 2605 turpe
581 2521 726 2606 quidem
773 2530 807 2588 et
849 2529 1056 2609 contemptu
1104 2523 1378 2608 dignissimum;
1422 2519 1555 2604 quippe
1600 2517 1661 2602 qui

438 2647 556 2730 specie
601 2648 735 2714 amoris
776 2647 917 2715 lucrum
962 2655 1097 2733 petant.
1139 2649 1365 2715 Grassatores
1410 2651 1529 2712 autem
1573 2643 1663 2708 istos

389 2801 391 2805 v
437 2789 552 2849 coma,
584 2772 727 2843 vestitu.
763 2775 918 2858 gemmis
947 2773 1264 2849 commendabiles
1297 2771 1421 2857 quales
1453 2770 1542 2836 vidit
1571 2766 1661 2835 tales

437 2896 615 2981 depinxit:
650 2904 684 2964 et
715 2897 792 2982 ejus
821 2898 857 2964 in
891 2888 1055 2965 versibus
1086 2918 1158 2966 non
1193 2904 1232 2965 ut
1260 2897 1411 2964 umbrae
1441 2903 1476 2963 et
1507 2895 1664 2961 incertae

438 3019 587 3104 figurae,
617 3022 677 3087 sed
706 3029 745 3089 ut
770 3023 873 3089 vivae
895 3029 930 3089 et
963 3043 982 3090 e
1014 3023 1106 3090 vivis
1133 3041 1324 3106 expressae
1355 3038 1528 3105 personae
1558 3019 1664 3086 nobis

439 3151 521 3213 ante
548 3145 671 3212 oculos
703 3147 942 3214 obversantur
969 3167 977 3212 ι

573 3288 664 3355 Sunt
693 3291 754 3374 qui
784 3292 946 3358 mendaci
980 3294 1098 3377 specie
1130 3296 1341 3378 grassentur
1374 3292 1507 3358 amoris

619 3413 755 3496 Perque
780 3399 898 3480 aditus
931 3415 1017 3482 tales
1047 3417 1146 3483 lucra
1178 3417 1345 3501 pudenda
1375 3422 1512 3502 petant.

576 3536 646 3603 Nec
670 3556 771 3604 corna
804 3558 867 3605 vos
896 3540 994 3607 fallat
1024 3541 1137 3607 nitido
1176 3541 1413 3626 liquidissima
1450 3539 1573 3611 nardo,

620 3660 688 3727 Nec
726 3663 844 3728 brevis
881 3664 915 3729 in
952 3683 1059 3749 rugas
1090 3665 1224 3750 lingula
1257 3683 1379 3750 pressa
1413 3684 1508 3734 suas.

575 3784 642 3852 Nee
671 3792 748 3869 toga
780 3789 932 3873 decipiat
961 3789 1021 3855 silo
1051 3792 1276 3869 tenuissima,
1309 3809 1374 3857 nec
1402 3791 1458 3858 si.

622 3912 791 3978 Annulus
820 3915 856 3979 in
887 3915 1008 3997 digitis
1038 3916 1190 3983 alteret
1225 3917 1314 3983 alter
1343 3916 1410 3982 erit
1451 3968 1453 3974 .
1487 3929 1499 3938 ”
1565 3951 1570 3962 ·

579 4036 739 4103 Forsitan
766 4057 808 4103 ex
843 4039 973 4105 borum
1002 4059 1154 4108 numero
1188 4042 1413 4107 cultissimus
1444 4043 1504 4107 ille

624 4160 693 4225 Fur
718 4163 763 4227 sit
797 4170 828 4229 et
862 4170 986 4231 {iratur
1017 4167 1127 4231 vestis
1157 4184 1278 4232 amore
1303 4171 1399 4233 tuae.

582 4307 596 4348 a
625 4286 743 4352 Redde
773 4307 894 4354 meum
923 4311 938 4354 a
970 4290 1127 4358 clanmnt
1157 4292 1329 4376 spoliatae
1356 4311 1460 4377 saepe
1492 4294 1645 4379 puellae,

631 4432 645 4473 a
675 4412 792 4477 liedda
823 4432 942 4480 meum
973 4436 988 4478 n
1021 4422 1092 4483 loto
1130 4435 1214 4483 voce
1245 4419 1374 4484 boante
1400 4419 1490 4486 ioro.

1152 4546 1190 4608 l.
1223 4546 1311 4620 lain,
1345 4543 1400 4617 ΙΙΙ,
1435 4547 1494 4611 llt
1523 4566 1601 4632 sqq.
1679 4625 1682 4630 ,
1733 4542 1738 4551 ’

518 4765 574 4829 De
595 4764 737 4830 milite.
768 4808 810 4821 -
854 4773 1084 4840 iteratoribus
1129 4776 1232 4842 miles
1267 4777 1564 4844 annumerandus
1605 4789 1672 4850 est.

396 4973 398 4977 ἢ
451 4910 658 4976 quanquam
717 4894 908 4961 minimum
959 4898 993 4962 in
1044 4897 1157 4964 Ouidii
1198 4902 1420 4968 carminibus
1464 4904 1581 4970 lorum
1615 4904 1677 4972 ille

451 5016 598 5082 obtinet.
629 5018 765 5085 Etenim
798 5021 907 5086 semel
938 5028 1080 5088 tantum
1103 5023 1190 5108 (Arra.
1214 5025 1270 5101 lll,
1299 5027 1375 5112 vm)
1400 5028 1443 5094 de
1474 5047 1515 5095 eo
1540 5031 1678 5098 mentio
