4209 6184
987 846 1125 905 -3-

440 1024 590 1098 minoris
630 1035 801 1100 momenti
840 1053 916 1102 esse
942 1035 1137 1113 existimes
1169 1035 1197 1099 si
1230 1035 1308 1118 eius
1342 1034 1551 1128 breuitatem
1579 1051 1663 1100 oon-

440 1156 665 1237 sideraveris,
703 1178 723 1224 a
756 1177 813 1225 me
852 1160 998 1245 plurimi
1037 1160 1220 1227 aestimari
1258 1160 1395 1226 fateor·
1420 1158 1558 1225 Etenim
1592 1175 1662 1224 non

439 1272 515 1349 veri
557 1283 675 1353 simile
720 1291 772 1352 est
804 1305 912 1371 quam
948 1286 994 1353 sit
1025 1286 1132 1353 rebus
1164 1292 1198 1352 et
1226 1284 1413 1353 sententiis
1445 1286 1664 1353 relertume

439 1409 533 1475 vitae
562 1429 630 1476 usu
662 1411 829 1495 sumptis.
876 1410 965 1490 Quid
998 1411 1044 1478 sit
1078 1405 1114 1476 in
1140 1429 1262 1478 amore
1297 1411 1435 1477 malum
1466 1417 1499 1477 et
1533 1411 1664 1477 ridicu-

438 1534 514 1599 lum
542 1533 690 1612 ironice,
730 1543 769 1602 ut
812 1534 976 1602 Ovidium
1018 1536 1129 1610 decet,
1172 1535 1220 1601 ibi
1259 1541 1499 1613 monstratur,
1541 1534 1664 1620 ltaque

439 1656 535 1724 baud
572 1659 645 1726 seio
677 1678 722 1724 an
765 1661 981 1745 opuseulum
1032 1660 1135 1737 illud,
1174 1660 1269 1745 quod
1309 1660 1402 1726 intra
1439 1661 1663 1745 octingentos

438 1800 565 1849 versus
601 1784 817 1861 continetur,
853 1769 1012 1869 sapidius
1055 1791 1089 1851 et
1126 1783 1342 1869 locupletius
1388 1785 1515 1851 oeteris
1547 1783 1663 1851 Ovidii

415 1875 540 1963 ¹libris
568 1898 696 1966 merito
730 1899 920 1983 iudicetur.

504 2037 732 2106 dedicaretur
772 2039 887 2129 suriel.
932 2081 975 2090 -
1018 2042 1275 2127 Fragmentum
1316 2061 1489 2128 perquam
1540 2043 1661 2123 breve,

438 2164 496 2230 oui
527 2165 653 2232 titulus
680 2171 731 2232 est
758 2164 984 2233 illediruutiuo
1015 2164 1120 2253 surici
1150 2167 1369 2252 paucissima
1399 2175 1538 2234 tantum
1572 2167 1661 2232 mibi

438 2289 691 2374 suppeditavit.

504 2414 623 2482 Restat
654 2422 691 2482 ut
713 2416 830 2483 diuam
859 2435 930 2501 quo
959 2416 1084 2483 ordine
1114 2418 1208 2483 bano
1233 2416 1521 2484 dissertationem
1550 2418 1662 2501 expli-

437 2540 608 2606 caverim.
707 2603 708 2607 ,
1100 2586 1102 2589 -

504 2664 592 2731 Cum
636 2666 671 2731 in
723 2666 892 2733 omnibus
942 2657 1033 2732 illis'
1058 2665 1172 2732 Ovidii
1224 2666 1448 2733 carminibus
1499 2668 1660 2752 primum

438 2789 556 2856 locum
583 2790 767 2857 obtineant
792 2790 959 2869 leminae,
990 2791 1162 2875 incipiam
1189 2791 1233 2856 ab
1262 2791 1325 2858 eis.
1361 2791 1523 2858 Primum
1553 2792 1661 2877 igilur

438 2914 481 2980 de
524 2914 678 2992 leminis,
722 2922 799 2981 tum
845 2915 889 2982 de
922 2917 1030 2982 rebus
1066 2933 1159 3000 quae
1202 2915 1245 2981 ad
1283 2916 1502 2983 leminarum
1548 2917 1658 2984 vitam

438 3039 628 3124 pertinent,
662 3046 783 3125 postea
820 3040 865 3106 de
894 3041 1128 3119 amatoribus,
1165 3040 1320 3126 denique
1352 3043 1396 3108 de
1426 3042 1505 3126 ipso
1542 3059 1664 3109 amore

438 3164 627 3231 disseram.
